{"stream":"btcusdt@trade","data":{"e":"trade","E":1783465157897,"s":"BTCUSDT","t":6486989273,"p":"63551.02000000","q":"0.00317000","T":1783465157897,"m":true,"M":true}}
{"stream":"ethusdt@depth@100ms","data":{"e":"depthUpdate","E":1783465157917,"s":"ETHUSDT","U":78545066029,"u":78545066046,"b":[["1773.38000000","1.97860000"],["1598.04000000","0.24400000"]],"a":[["1775.60000000","8.54500000"],["1775.61000000","4.10540000"],["1775.62000000","0.62190000"],["1775.63000000","11.28330000"],["1775.65000000","0.00590000"],["1775.66000000","0.00300000"],["1777.54000000","11.32830000"]]}}
{"stream":"btcusdt@depth@100ms","data":{"e":"depthUpdate","E":1783465157917,"s":"BTCUSDT","U":97109082200,"u":97109082205,"b":[["63551.02000000","1.87857000"],["57195.92000000","0.00480000"]],"a":[]}}
{"stream":"btcusdt@depth@100ms","data":{"e":"depthUpdate","E":1783465158014,"s":"BTCUSDT","U":97109082206,"u":97109082242,"b":[["63551.02000000","1.87857000"],["63551.01000000","0.00323000"],["63549.22000000","0.04026000"],["63549.21000000","0.00018000"],["63548.01000000","0.00018000"],["63543.89000000","0.70840000"],["63540.33000000","0.00000000"],["63510.80000000","2.26261000"],["63484.01000000","0.00037000"],["63421.66000000","0.00000000"],["63421.06000000","0.00014000"],["62597.75000000","0.00030000"],["57195.92000000","0.00480000"],["57195.00000000","0.00087000"],["50840.82000000","0.00083000"]],"a":[["63593.99000000","0.00389000"],["63606.69000000","0.07009000"],["63655.99000000","0.00000000"],["63657.33000000","0.00157000"]]}}
{"stream":"ethusdt@depth@100ms","data":{"e":"depthUpdate","E":1783465158015,"s":"ETHUSDT","U":78545066047,"u":78545066056,"b":[["1775.46000000","0.35340000"],["1775.23000000","0.47630000"],["1775.21000000","2.81790000"],["1598.04000000","0.25080000"]],"a":[["1775.74000000","0.78780000"],["1775.91000000","0.38170000"],["1775.92000000","0.32690000"],["1776.08000000","3.13950000"],["1776.10000000","0.19030000"]]}}
{"stream":"ethusdt@depth@100ms","data":{"e":"depthUpdate","E":1783465158116,"s":"ETHUSDT","U":78545066057,"u":78545066060,"b":[["1598.04000000","0.25080000"]],"a":[]}}
{"stream":"btcusdt@depth@100ms","data":{"e":"depthUpdate","E":1783465158116,"s":"BTCUSDT","U":97109082243,"u":97109082260,"b":[["63551.02000000","1.87849000"],["63549.22000000","0.04026000"],["63549.21000000","0.00000000"],["63547.92000000","1.12839000"],["63484.01000000","0.00037000"],["63421.06000000","0.00014000"],["63396.22000000","4.49591000"],["57195.92000000","0.00500000"]],"a":[["63657.33000000","0.00157000"],["63708.43000000","6.36591000"]]}}
{"stream":"ethusdt@depth@100ms","data":{"e":"depthUpdate","E":1783465158216,"s":"ETHUSDT","U":78545066061,"u":78545066064,"b":[["1598.04000000","0.25080000"]],"a":[]}}
{"stream":"btcusdt@depth@100ms","data":{"e":"depthUpdate","E":1783465158216,"s":"BTCUSDT","U":97109082261,"u":97109082274,"b":[["63551.02000000","1.87927000"],["63528.12000000","0.00000000"],["63509.06000000","0.00000000"],["63410.11000000","0.00820000"],["63404.90000000","0.00000000"],["57195.92000000","0.00500000"],["50840.82000000","0.00044000"]],"a":[["63551.03000000","0.69747000"],["63558.46000000","0.00000000"],["63573.25000000","0.00000000"],["63592.32000000","0.00000000"]]}}
{"stream":"btcusdt@depth@100ms","data":{"e":"depthUpdate","E":1783465158315,"s":"BTCUSDT","U":97109082275,"u":97109082283,"b":[["63352.72000000","0.01874000"],["63277.78000000","0.00000000"],["58466.94000000","0.00000000"],["57195.92000000","0.00480000"]],"a":[["63551.03000000","0.69712000"],["63558.43000000","0.00048000"],["63580.25000000","0.00000000"]]}}
{"stream":"ethusdt@depth@100ms","data":{"e":"depthUpdate","E":1783465158315,"s":"ETHUSDT","U":78545066065,"u":78545066080,"b":[["1775.44000000","0.31460000"],["1775.40000000","1.76570000"],["1775.37000000","0.78100000"],["1775.32000000","0.99990000"],["1775.24000000","0.27550000"],["1598.04000000","0.23700000"],["1067.00000000","6.86000000"]],"a":[["1775.60000000","2.06300000"],["1775.91000000","0.10000000"],["1775.96000000","0.28460000"]]}}
{"stream":"ethusdt@depth@100ms","data":{"e":"depthUpdate","E":1783465158416,"s":"ETHUSDT","U":78545066081,"u":78545066085,"b":[["1598.04000000","0.25780000"]],"a":[]}}
{"stream":"btcusdt@depth@100ms","data":{"e":"depthUpdate","E":1783465158416,"s":"BTCUSDT","U":97109082284,"u":97109082291,"b":[["57195.92000000","0.00480000"],["50841.00000000","0.23623000"],["40000.00000000","260.73952000"]],"a":[]}}
{"stream":"btcusdt@depth@100ms","data":{"e":"depthUpdate","E":1783465158514,"s":"BTCUSDT","U":97109082292,"u":97109082303,"b":[["63529.20000000","0.55241000"],["63510.15000000","1.06124000"],["57195.92000000","0.00480000"],["50840.82000000","0.00044000"]],"a":[["63575.46000000","0.55442000"],["63594.54000000","1.07851000"]]}}
{"stream":"ethusdt@depth@100ms","data":{"e":"depthUpdate","E":1783465158515,"s":"ETHUSDT","U":78545066086,"u":78545066089,"b":[["1598.04000000","0.25780000"]],"a":[]}}
{"stream":"btcusdt@trade","data":{"e":"trade","E":1783465158576,"s":"BTCUSDT","t":6486989274,"p":"63551.02000000","q":"0.00023000","T":1783465158576,"m":true,"M":true}}
{"stream":"btcusdt@trade","data":{"e":"trade","E":1783465158577,"s":"BTCUSDT","t":6486989275,"p":"63551.03000000","q":"0.00023000","T":1783465158577,"m":false,"M":true}}
{"stream":"btcusdt@depth@100ms","data":{"e":"depthUpdate","E":1783465158614,"s":"BTCUSDT","U":97109082304,"u":97109082311,"b":[["63551.02000000","1.87904000"],["57195.92000000","0.00480000"]],"a":[["63551.03000000","0.69689000"],["64504.30000000","0.00030000"]]}}
{"stream":"ethusdt@depth@100ms","data":{"e":"depthUpdate","E":1783465158615,"s":"ETHUSDT","U":78545066090,"u":78545066093,"b":[["1598.04000000","0.25780000"]],"a":[]}}
{"stream":"btcusdt@depth@100ms","data":{"e":"depthUpdate","E":1783465158714,"s":"BTCUSDT","U":97109082312,"u":97109082320,"b":[["63548.75000000","0.00018000"],["63546.65000000","0.00032000"],["57195.92000000","0.00480000"]],"a":[["63551.03000000","0.69736000"],["63558.43000000","0.00000000"],["63561.17000000","0.09070000"]]}}
{"stream":"ethusdt@depth@100ms","data":{"e":"depthUpdate","E":1783465158715,"s":"ETHUSDT","U":78545066094,"u":78545066097,"b":[["1767.65000000","0.00000000"],["1598.04000000","0.25080000"]],"a":[]}}
{"stream":"ethusdt@depth@100ms","data":{"e":"depthUpdate","E":1783465158815,"s":"ETHUSDT","U":78545066098,"u":78545066105,"b":[["1775.51000000","0.28610000"],["1598.04000000","0.23700000"],["1598.03000000","0.00350000"]],"a":[]}}
{"stream":"btcusdt@depth@100ms","data":{"e":"depthUpdate","E":1783465158815,"s":"BTCUSDT","U":97109082321,"u":97109082336,"b":[["63549.13000000","0.09164000"],["63548.75000000","0.00000000"],["63547.91000000","1.22858000"],["63537.00000000","0.00000000"],["57195.92000000","0.00500000"]],"a":[["63551.03000000","0.69736000"],["63558.43000000","0.00000000"],["63562.43000000","0.00000000"]]}}
{"stream":"ethusdt@depth@100ms","data":{"e":"depthUpdate","E":1783465158915,"s":"ETHUSDT","U":78545066106,"u":78545066119,"b":[["1775.52000000","0.04180000"],["1775.51000000","0.28910000"],["1775.49000000","0.43700000"],["1775.48000000","0.00000000"],["1767.60000000","0.58360000"],["1598.04000000","0.25080000"],["1598.03000000","0.00000000"]],"a":[]}}
{"stream":"btcusdt@depth@100ms","data":{"e":"depthUpdate","E":1783465158915,"s":"BTCUSDT","U":97109082337,"u":97109082350,"b":[["63547.93000000","0.42528000"],["63547.05000000","0.70840000"],["63543.89000000","0.00000000"],["63537.00000000","0.00008000"],["57195.92000000","0.00500000"],["50841.00000000","0.23623000"]],"a":[["63551.03000000","0.69689000"],["63558.44000000","0.00048000"],["63562.43000000","0.00008000"],["63627.13000000","0.03000000"]]}}
{"stream":"ethusdt@trade","data":{"e":"trade","E":1783465158947,"s":"ETHUSDT","t":4197008353,"p":"1775.59000000","q":"0.00290000","T":1783465158947,"m":true,"M":true}}
{"stream":"ethusdt@trade","data":{"e":"trade","E":1783465158947,"s":"ETHUSDT","t":4197008354,"p":"1775.59000000","q":"0.27930000","T":1783465158947,"m":true,"M":true}}
{"stream":"btcusdt@depth@100ms","data":{"e":"depthUpdate","E":1783465159014,"s":"BTCUSDT","U":97109082351,"u":97109082377,"b":[["63551.02000000","1.87797000"],["63551.01000000","0.00305000"],["63550.02000000","0.00000000"],["63549.24000000","0.00787000"],["63549.23000000","0.00000000"],["63549.22000000","0.00018000"],["63549.15000000","0.00018000"],["63543.36000000","0.00000000"],["63510.80000000","2.46052000"],["63484.91000000","0.00037000"],["63484.01000000","0.00000000"],["63471.35000000","0.00000000"],["63421.66000000","0.00014000"],["63421.06000000","0.00000000"],["62597.75000000","0.00030000"],["57195.92000000","0.00480000"],["50840.82000000","0.00083000"]],"a":[["63558.76000000","0.00000000"],["63559.52000000","0.00787000"],["63566.55000000","0.10192000"],["63567.95000000","0.00000000"],["63568.87000000","0.00000000"],["63570.15000000","0.78724000"],["63592.59000000","0.00392000"],["63593.99000000","0.00000000"],["63655.82000000","0.00157000"],["63657.33000000","0.00000000"]]}}
{"stream":"ethusdt@depth@100ms","data":{"e":"depthUpdate","E":1783465159015,"s":"ETHUSDT","U":78545066120,"u":78545066127,"b":[["1775.59000000","18.61040000"],["1775.44000000","0.03290000"],["1775.40000000","2.04740000"],["1598.04000000","0.25080000"]],"a":[["1775.60000000","8.54500000"],["1775.91000000","0.38170000"],["1775.96000000","0.00290000"]]}}
{"stream":"btcusdt@depth@100ms","data":{"e":"depthUpdate","E":1783465159114,"s":"BTCUSDT","U":97109082378,"u":97109082411,"b":[["63551.02000000","1.87981000"],["63550.00000000","0.03818000"],["63549.24000000","0.00805000"],["63549.22000000","0.00000000"],["63549.15000000","0.00000000"],["63547.57000000","0.00675000"],["63484.91000000","0.00000000"],["63471.35000000","0.16051000"],["63421.66000000","0.00014000"],["63420.14000000","0.09460000"],["57195.92000000","0.00480000"],["57195.00000000","0.00087000"]],"a":[["63551.03000000","0.69712000"],["63558.69000000","0.00787000"],["63559.52000000","0.00000000"],["63568.87000000","0.78724000"],["63570.15000000","0.00000000"],["63592.59000000","0.00392000"],["63618.27000000","0.03289000"],["63655.82000000","0.00000000"],["63742.61000000","0.06352000"]]}}
{"stream":"ethusdt@depth@100ms","data":{"e":"depthUpdate","E":1783465159115,"s":"ETHUSDT","U":78545066128,"u":78545066130,"b":[["1598.04000000","0.25780000"]],"a":[]}}
{"stream":"btcusdt@depth@100ms","data":{"e":"depthUpdate","E":1783465159214,"s":"BTCUSDT","U":97109082412,"u":97109082416,"b":[["57195.92000000","0.00480000"],["50840.82000000","0.00044000"]],"a":[]}}
{"stream":"ethusdt@depth@100ms","data":{"e":"depthUpdate","E":1783465159216,"s":"ETHUSDT","U":78545066131,"u":78545066136,"b":[["1598.04000000","0.24400000"]],"a":[]}}
{"stream":"btcusdt@depth@100ms","data":{"e":"depthUpdate","E":1783465159314,"s":"BTCUSDT","U":97109082417,"u":97109082435,"b":[["63551.02000000","1.87981000"],["63551.01000000","0.00305000"],["63550.01000000","0.04038000"],["57195.92000000","0.00480000"]],"a":[]}}
{"stream":"ethusdt@depth@100ms","data":{"e":"depthUpdate","E":1783465159315,"s":"ETHUSDT","U":78545066137,"u":78545066151,"b":[["1775.44000000","0.31460000"],["1775.40000000","1.76570000"],["1775.26000000","29.66050000"],["1775.24000000","0.27550000"],["1775.21000000","0.00000000"],["1598.04000000","0.25780000"]],"a":[["1775.60000000","2.06300000"],["1775.91000000","0.10000000"],["1775.94000000","0.00580000"],["1775.96000000","0.28460000"],["1776.08000000","0.32160000"],["1776.13000000","2.82080000"]]}}
{"stream":"btcusdt@depth@100ms","data":{"e":"depthUpdate","E":1783465159414,"s":"BTCUSDT","U":97109082436,"u":97109082459,"b":[["63551.02000000","1.87981000"],["63550.48000000","0.00787000"],["63550.01000000","0.04056000"],["63549.24000000","0.00018000"],["63548.01000000","0.00000000"],["63547.94000000","0.00000000"],["63547.93000000","0.42519000"],["63547.57000000","0.00657000"],["57195.92000000","0.00500000"],["40000.00000000","260.73952000"]],"a":[["63551.03000000","0.36721000"],["63558.69000000","0.00000000"],["63558.82000000","0.01800000"],["63559.52000000","0.00787000"],["63566.55000000","0.00000000"],["63567.95000000","0.36510000"],["63568.87000000","0.00000000"],["63570.15000000","0.78724000"],["65600.00000000","6.58080000"]]}}
{"stream":"ethusdt@depth@100ms","data":{"e":"depthUpdate","E":1783465159415,"s":"ETHUSDT","U":78545066152,"u":78545066154,"b":[["1598.04000000","0.25080000"]],"a":[]}}
{"stream":"btcusdt@depth@100ms","data":{"e":"depthUpdate","E":1783465159514,"s":"BTCUSDT","U":97109082460,"u":97109082489,"b":[["63551.02000000","1.87981000"],["63550.48000000","0.00805000"],["63550.00000000","0.03818000"],["63549.24000000","0.00000000"],["63549.13000000","0.09172000"],["63547.94000000","0.06455000"],["57195.92000000","0.00500000"],["50840.82000000","0.00044000"]],"a":[["63551.03000000","0.36720000"],["63551.69000000","0.00000000"],["63551.70000000","0.00072000"],["63555.79000000","0.06482000"],["63627.89000000","0.00000000"],["63629.99000000","1.91970000"]]}}
{"stream":"ethusdt@depth@100ms","data":{"e":"depthUpdate","E":1783465159515,"s":"ETHUSDT","U":78545066155,"u":78545066158,"b":[["1598.04000000","0.25080000"]],"a":[]}}
{"stream":"btcusdt@depth@100ms","data":{"e":"depthUpdate","E":1783465159614,"s":"BTCUSDT","U":97109082490,"u":97109082521,"b":[["63548.00000000","0.02818000"],["63547.94000000","0.06473000"],["63547.91000000","1.22840000"],["63471.35000000","0.00000000"],["57195.92000000","0.00500000"],["50841.00000000","0.23623000"]],"a":[["63551.04000000","0.04197000"],["63551.70000000","0.00054000"],["63557.27000000","0.06473000"],["63558.72000000","0.00048000"],["63560.99000000","0.00000000"],["63561.17000000","0.00000000"],["63562.17000000","0.00252000"],["63662.06000000","0.00000000"],["64504.30000000","0.00030000"]]}}
{"stream":"ethusdt@depth@100ms","data":{"e":"depthUpdate","E":1783465159615,"s":"ETHUSDT","U":78545066159,"u":78545066164,"b":[["1769.38000000","1.02760000"],["1768.61000000","2.48620000"],["1598.04000000","0.25080000"]],"a":[]}}
{"stream":"btcusdt@depth@100ms","data":{"e":"depthUpdate","E":1783465159714,"s":"BTCUSDT","U":97109082522,"u":97109082531,"b":[["63479.92000000","0.04881000"],["63420.14000000","0.00000000"],["57195.92000000","0.00480000"]],"a":[["63566.34000000","0.00000000"],["63568.88000000","0.24500000"],["63618.27000000","0.00000000"],["63670.66000000","0.07658000"],["63742.61000000","0.00223000"]]}}
{"stream":"ethusdt@depth@100ms","data":{"e":"depthUpdate","E":1783465159716,"s":"ETHUSDT","U":78545066165,"u":78545066171,"b":[["1770.27000000","0.70920000"],["1598.04000000","0.23700000"]],"a":[]}}
{"stream":"btcusdt@depth@100ms","data":{"e":"depthUpdate","E":1783465159814,"s":"BTCUSDT","U":97109082532,"u":97109082537,"b":[["57195.92000000","0.00480000"],["50000.00000000","542.70395000"]],"a":[["82071.40000000","0.00000000"]]}}
{"stream":"ethusdt@depth@100ms","data":{"e":"depthUpdate","E":1783465159815,"s":"ETHUSDT","U":78545066172,"u":78545066176,"b":[["1598.04000000","0.25780000"]],"a":[]}}
{"stream":"btcusdt@depth@100ms","data":{"e":"depthUpdate","E":1783465159914,"s":"BTCUSDT","U":97109082538,"u":97109082544,"b":[["63537.00000000","0.00008000"],["57195.92000000","0.00480000"]],"a":[["63562.43000000","0.00008000"]]}}
{"stream":"ethusdt@depth@100ms","data":{"e":"depthUpdate","E":1783465159915,"s":"ETHUSDT","U":78545066177,"u":78545066182,"b":[["1770.32000000","41.50710000"],["1768.56000000","0.57510000"],["1768.54000000","0.00000000"],["1598.04000000","0.25780000"]],"a":[]}}
{"stream":"btcusdt@depth@100ms","data":{"e":"depthUpdate","E":1783465160014,"s":"BTCUSDT","U":97109082545,"u":97109082564,"b":[["63484.91000000","0.00037000"],["63421.66000000","0.00014000"],["62597.75000000","0.00030000"],["57195.92000000","0.00480000"],["50840.82000000","0.00083000"]],"a":[["63551.03000000","0.36702000"],["63551.04000000","0.00095000"],["63554.35000000","0.00018000"],["63554.36000000","0.04004000"],["63592.59000000","0.00392000"],["63627.89000000","1.91970000"],["63629.99000000","0.00000000"],["63655.82000000","0.00157000"]]}}
{"stream":"ethusdt@depth@100ms","data":{"e":"depthUpdate","E":1783465160015,"s":"ETHUSDT","U":78545066183,"u":78545066186,"b":[["1775.45000000","0.42170000"],["1775.44000000","0.03290000"],["1598.04000000","0.25080000"]],"a":[]}}
{"stream":"ethusdt@depth@100ms","data":{"e":"depthUpdate","E":1783465160116,"s":"ETHUSDT","U":78545066187,"u":78545066199,"b":[["1775.59000000","18.61040000"],["1775.45000000","0.14000000"],["1775.44000000","0.31460000"],["1769.38000000","0.14540000"],["1768.61000000","3.36840000"],["1598.04000000","0.23700000"],["1067.00000000","6.86000000"]],"a":[]}}
{"stream":"btcusdt@depth@100ms","data":{"e":"depthUpdate","E":1783465160116,"s":"BTCUSDT","U":97109082565,"u":97109082585,"b":[["63550.48000000","0.00018000"],["63550.02000000","0.00787000"],["63484.91000000","0.00037000"],["63421.66000000","0.00000000"],["57195.92000000","0.00500000"]],"a":[["63551.03000000","0.36720000"],["63551.04000000","0.00077000"],["63551.71000000","0.06426000"],["63559.52000000","0.00000000"],["63559.96000000","0.00787000"],["63562.00000000","0.25207000"],["63592.59000000","0.00392000"],["63655.82000000","0.00000000"]]}}
{"stream":"ethusdt@depth@100ms","data":{"e":"depthUpdate","E":1783465160216,"s":"ETHUSDT","U":78545066200,"u":78545066205,"b":[["1598.04000000","0.25080000"]],"a":[]}}
{"stream":"btcusdt@depth@100ms","data":{"e":"depthUpdate","E":1783465160216,"s":"BTCUSDT","U":97109082586,"u":97109082601,"b":[["63551.02000000","1.87981000"],["63550.48000000","0.00000000"],["57195.92000000","0.00500000"],["50840.82000000","0.00044000"]],"a":[["63551.03000000","0.36728000"],["63554.36000000","0.04022000"],["63661.76000000","0.03131000"],["77811.66000000","0.00000000"]]}}
{"stream":"btcusdt@depth@100ms","data":{"e":"depthUpdate","E":1783465160314,"s":"BTCUSDT","U":97109082602,"u":97109082607,"b":[["57195.92000000","0.00480000"],["57195.00000000","0.00087000"]],"a":[["82071.40000000","0.00010000"]]}}
{"stream":"ethusdt@depth@100ms","data":{"e":"depthUpdate","E":1783465160316,"s":"ETHUSDT","U":78545066206,"u":78545066210,"b":[["1775.24000000","0.27260000"],["1598.04000000","0.25080000"]],"a":[["1775.96000000","0.28170000"]]}}
{"stream":"ethusdt@depth@100ms","data":{"e":"depthUpdate","E":1783465160415,"s":"ETHUSDT","U":78545066211,"u":78545066216,"b":[["1775.24000000","0.27550000"],["1768.56000000","0.00000000"],["1768.54000000","0.57510000"],["1598.04000000","0.25780000"]],"a":[["1775.96000000","0.28460000"]]}}
{"stream":"btcusdt@depth@100ms","data":{"e":"depthUpdate","E":1783465160415,"s":"BTCUSDT","U":97109082608,"u":97109082622,"b":[["57195.92000000","0.00480000"],["50841.00000000","0.23623000"],["40000.00000000","260.73952000"]],"a":[["63562.17000000","0.09322000"],["63627.89000000","0.00000000"],["63629.99000000","1.91970000"]]}}
{"stream":"btcusdt@depth@100ms","data":{"e":"depthUpdate","E":1783465160514,"s":"BTCUSDT","U":97109082623,"u":97109082630,"b":[["57195.92000000","0.00480000"],["50840.82000000","0.00044000"]],"a":[]}}
{"stream":"ethusdt@depth@100ms","data":{"e":"depthUpdate","E":1783465160516,"s":"ETHUSDT","U":78545066217,"u":78545066224,"b":[["1773.86000000","8.57250000"],["1773.85000000","12.07480000"],["1773.84000000","0.00000000"],["1773.61000000","0.00000000"],["1598.04000000","0.25780000"]],"a":[]}}
{"stream":"btcusdt@depth@100ms","data":{"e":"depthUpdate","E":1783465160614,"s":"BTCUSDT","U":97109082631,"u":97109082636,"b":[["57195.92000000","0.00480000"]],"a":[["64504.30000000","0.00030000"]]}}
{"stream":"ethusdt@depth@100ms","data":{"e":"depthUpdate","E":1783465160616,"s":"ETHUSDT","U":78545066225,"u":78545066238,"b":[["1598.04000000","0.24400000"]],"a":[["1775.60000000","2.06010000"],["1775.61000000","4.10250000"],["1775.62000000","0.61590000"],["1775.63000000","0.01190000"],["1775.65000000","0.01190000"],["1775.66000000","11.27430000"]]}}
{"stream":"ethusdt@depth@100ms","data":{"e":"depthUpdate","E":1783465160717,"s":"ETHUSDT","U":78545066239,"u":78545066244,"b":[["1768.56000000","0.57510000"],["1768.54000000","0.00000000"],["1598.04000000","0.25080000"]],"a":[]}}
{"stream":"btcusdt@depth@100ms","data":{"e":"depthUpdate","E":1783465160717,"s":"BTCUSDT","U":97109082637,"u":97109082640,"b":[["57195.92000000","0.00480000"]],"a":[]}}
{"stream":"btcusdt@depth@100ms","data":{"e":"depthUpdate","E":1783465160815,"s":"BTCUSDT","U":97109082641,"u":97109082643,"b":[["57195.92000000","0.00500000"]],"a":[]}}
{"stream":"ethusdt@depth@100ms","data":{"e":"depthUpdate","E":1783465160816,"s":"ETHUSDT","U":78545066245,"u":78545066248,"b":[["1598.04000000","0.25080000"]],"a":[]}}
{"stream":"btcusdt@depth@100ms","data":{"e":"depthUpdate","E":1783465160914,"s":"BTCUSDT","U":97109082644,"u":97109082650,"b":[["63537.00000000","0.00008000"],["57195.92000000","0.00500000"]],"a":[["63562.43000000","0.00008000"]]}}
{"stream":"ethusdt@depth@100ms","data":{"e":"depthUpdate","E":1783465160916,"s":"ETHUSDT","U":78545066249,"u":78545066258,"b":[["1775.52000000","0.04480000"],["1598.04000000","0.25080000"]],"a":[["1775.64000000","12.77440000"],["1775.65000000","0.00590000"],["1775.66000000","0.00300000"],["1775.72000000","1.10960000"]]}}
{"stream":"btcusdt@depth@100ms","data":{"e":"depthUpdate","E":1783465161014,"s":"BTCUSDT","U":97109082651,"u":97109082660,"b":[["63484.91000000","0.00037000"],["63421.66000000","0.00014000"],["62597.75000000","0.00030000"],["57195.92000000","0.00480000"],["50840.82000000","0.00083000"]],"a":[["63592.59000000","0.00392000"],["63655.82000000","0.00157000"]]}}
{"stream":"ethusdt@depth@100ms","data":{"e":"depthUpdate","E":1783465161015,"s":"ETHUSDT","U":78545066259,"u":78545066267,"b":[["1775.46000000","0.63510000"],["1775.44000000","0.03290000"],["1598.04000000","0.23700000"]],"a":[["1775.96000000","0.00290000"],["1775.97000000","0.58310000"],["1776.13000000","0.00290000"],["1776.14000000","18.59140000"]]}}
{"stream":"btcusdt@trade","data":{"e":"trade","E":1783465161081,"s":"BTCUSDT","t":6486989276,"p":"63551.03000000","q":"0.00024000","T":1783465161081,"m":false,"M":true}}
{"stream":"ethusdt@depth@100ms","data":{"e":"depthUpdate","E":1783465161115,"s":"ETHUSDT","U":78545066268,"u":78545066272,"b":[["1598.04000000","0.25780000"]],"a":[]}}
{"stream":"btcusdt@depth@100ms","data":{"e":"depthUpdate","E":1783465161115,"s":"BTCUSDT","U":97109082661,"u":97109082673,"b":[["63484.91000000","0.00000000"],["63421.66000000","0.00014000"],["57195.92000000","0.00480000"],["57195.90000000","0.00000000"]],"a":[["63551.03000000","0.36704000"],["63592.59000000","0.00000000"],["63655.82000000","0.00157000"]]}}
{"stream":"btcusdt@depth@100ms","data":{"e":"depthUpdate","E":1783465161214,"s":"BTCUSDT","U":97109082674,"u":97109082680,"b":[["63338.03000000","0.02464000"],["63303.12000000","0.00000000"],["57195.92000000","0.00480000"],["50840.82000000","0.00044000"]],"a":[]}}
{"stream":"ethusdt@depth@100ms","data":{"e":"depthUpdate","E":1783465161215,"s":"ETHUSDT","U":78545066273,"u":78545066276,"b":[["1598.04000000","0.25780000"]],"a":[]}}
{"stream":"btcusdt@trade","data":{"e":"trade","E":1783465161305,"s":"BTCUSDT","t":6486989277,"p":"63551.03000000","q":"0.00029000","T":1783465161305,"m":false,"M":true}}
{"stream":"btcusdt@depth@100ms","data":{"e":"depthUpdate","E":1783465161314,"s":"BTCUSDT","U":97109082681,"u":97109082685,"b":[["57195.92000000","0.00480000"]],"a":[["63551.03000000","0.36675000"]]}}
{"stream":"ethusdt@depth@100ms","data":{"e":"depthUpdate","E":1783465161315,"s":"ETHUSDT","U":78545066277,"u":78545066280,"b":[["1598.04000000","0.25780000"]],"a":[]}}
{"stream":"btcusdt@depth@100ms","data":{"e":"depthUpdate","E":1783465161414,"s":"BTCUSDT","U":97109082686,"u":97109082695,"b":[["63429.87000000","0.01000000"],["57195.92000000","0.00500000"],["57195.00000000","0.00087000"],["40000.00000000","260.73952000"]],"a":[["63576.88000000","0.00000000"],["63577.11000000","0.00699000"]]}}
{"stream":"ethusdt@depth@100ms","data":{"e":"depthUpdate","E":1783465161415,"s":"ETHUSDT","U":78545066281,"u":78545066286,"b":[["1775.24000000","0.27550000"],["1598.04000000","0.25080000"]],"a":[["1775.96000000","0.00290000"]]}}
{"stream":"btcusdt@depth@100ms","data":{"e":"depthUpdate","E":1783465161515,"s":"BTCUSDT","U":97109082696,"u":97109082701,"b":[["57195.92000000","0.00500000"],["50840.82000000","0.00044000"]],"a":[]}}
{"stream":"ethusdt@depth@100ms","data":{"e":"depthUpdate","E":1783465161515,"s":"ETHUSDT","U":78545066287,"u":78545066292,"b":[["1598.04000000","0.23700000"]],"a":[]}}
{"stream":"btcusdt@depth@100ms","data":{"e":"depthUpdate","E":1783465161614,"s":"BTCUSDT","U":97109082702,"u":97109082713,"b":[["63432.63000000","0.00066000"],["63429.94000000","0.00000000"],["57195.92000000","0.00500000"],["50841.00000000","0.23623000"],["50840.82000000","0.00044000"]],"a":[["63674.71000000","0.00000000"],["64504.30000000","0.00030000"]]}}
{"stream":"ethusdt@depth@100ms","data":{"e":"depthUpdate","E":1783465161615,"s":"ETHUSDT","U":78545066293,"u":78545066298,"b":[["1598.04000000","0.25080000"]],"a":[]}}
{"stream":"btcusdt@depth@100ms","data":{"e":"depthUpdate","E":1783465161714,"s":"BTCUSDT","U":97109082714,"u":97109082721,"b":[["57195.92000000","0.00480000"],["33000.00000000","35.16979000"]],"a":[["63670.03000000","0.03541000"],["63676.32000000","0.00000000"],["63677.41000000","0.00103000"]]}}
{"stream":"ethusdt@depth@100ms","data":{"e":"depthUpdate","E":1783465161715,"s":"ETHUSDT","U":78545066299,"u":78545066304,"b":[["1775.59000000","18.75540000"],["1768.56000000","0.00000000"],["1768.54000000","0.57510000"],["1598.04000000","0.25080000"]],"a":[]}}
{"stream":"btcusdt@depth@100ms","data":{"e":"depthUpdate","E":1783465161814,"s":"BTCUSDT","U":97109082722,"u":97109082732,"b":[["63479.92000000","0.00000000"],["63472.33000000","0.16051000"],["57195.92000000","0.00480000"],["55000.00000000","602.26909000"]],"a":[["63566.58000000","0.08054000"],["63567.95000000","0.00000000"],["63663.05000000","0.05327000"],["63670.66000000","0.00000000"],["69906.13000000","0.00008000"]]}}
{"stream":"ethusdt@depth@100ms","data":{"e":"depthUpdate","E":1783465161815,"s":"ETHUSDT","U":78545066305,"u":78545066308,"b":[["1775.59000000","18.61040000"],["1598.04000000","0.25780000"]],"a":[]}}
{"stream":"btcusdt@depth@100ms","data":{"e":"depthUpdate","E":1783465161914,"s":"BTCUSDT","U":97109082733,"u":97109082750,"b":[["63551.02000000","2.58821000"],["63547.93000000","0.42511000"],["63547.05000000","0.00000000"],["63541.05000000","0.00000000"],["63537.00000000","0.00000000"],["63423.91000000","0.01000000"],["57195.92000000","0.00480000"]],"a":[["63551.03000000","0.36728000"],["63551.70000000","0.03985000"],["63558.95000000","0.00000000"],["63559.64000000","0.00787000"],["63559.96000000","0.00000000"],["63562.43000000","0.00000000"],["63627.89000000","1.91970000"],["63629.99000000","0.00000000"],["69906.13000000","0.00000000"]]}}
{"stream":"ethusdt@depth@100ms","data":{"e":"depthUpdate","E":1783465161915,"s":"ETHUSDT","U":78545066309,"u":78545066316,"b":[["1598.04000000","0.24400000"],["1067.00000000","6.86000000"]],"a":[]}}
{"stream":"btcusdt@depth@100ms","data":{"e":"depthUpdate","E":1783465162014,"s":"BTCUSDT","U":97109082751,"u":97109082774,"b":[["63551.02000000","1.87981000"],["63546.60000000","0.70840000"],["63537.00000000","0.00008000"],["63484.91000000","0.00037000"],["63421.66000000","0.00014000"],["62597.75000000","0.00030000"],["57195.92000000","0.00480000"],["50840.82000000","0.00083000"]],"a":[["63551.03000000","0.36746000"],["63551.69000000","0.00018000"],["63555.79000000","0.06473000"],["63557.27000000","0.06455000"],["63562.43000000","0.00008000"],["63566.58000000","0.00000000"],["63567.95000000","0.34189000"],["63592.59000000","0.00392000"],["63655.82000000","0.00157000"]]}}
{"stream":"ethusdt@depth@100ms","data":{"e":"depthUpdate","E":1783465162015,"s":"ETHUSDT","U":78545066317,"u":78545066321,"b":[["1598.04000000","0.25080000"]],"a":[]}}
{"stream":"btcusdt@depth@100ms","data":{"e":"depthUpdate","E":1783465162114,"s":"BTCUSDT","U":97109082775,"u":97109082783,"b":[["63484.91000000","0.00037000"],["63421.66000000","0.00000000"],["57195.92000000","0.00500000"]],"a":[["63592.59000000","0.00000000"],["63655.82000000","0.00157000"]]}}
{"stream":"ethusdt@depth@100ms","data":{"e":"depthUpdate","E":1783465162115,"s":"ETHUSDT","U":78545066322,"u":78545066326,"b":[["1775.59000000","18.75540000"],["1598.04000000","0.25080000"]],"a":[]}}
{"stream":"btcusdt@depth@100ms","data":{"e":"depthUpdate","E":1783465162214,"s":"BTCUSDT","U":97109082784,"u":97109082789,"b":[["57195.92000000","0.00500000"],["50840.82000000","0.00044000"]],"a":[["63558.82000000","0.01351000"]]}}
{"stream":"ethusdt@depth@100ms","data":{"e":"depthUpdate","E":1783465162217,"s":"ETHUSDT","U":78545066327,"u":78545066330,"b":[["1598.04000000","0.25080000"]],"a":[]}}
{"stream":"btcusdt@depth@100ms","data":{"e":"depthUpdate","E":1783465162314,"s":"BTCUSDT","U":97109082790,"u":97109082799,"b":[["63546.90000000","0.45643000"],["63338.03000000","0.00000000"],["57195.92000000","0.00480000"]],"a":[["63551.03000000","0.37194000"],["63551.69000000","0.00000000"],["63551.70000000","0.00054000"],["63555.79000000","0.06482000"]]}}
{"stream":"ethusdt@depth@100ms","data":{"e":"depthUpdate","E":1783465162315,"s":"ETHUSDT","U":78545066331,"u":78545066341,"b":[["1775.47000000","0.71870000"],["1775.46000000","0.35340000"],["1598.04000000","0.25080000"]],"a":[["1775.60000000","1.44390000"],["1777.54000000","6.84920000"],["1777.56000000","15.02670000"],["1777.60000000","16.77570000"],["1777.61000000","25.82230000"],["1777.64000000","4.42390000"]]}}
{"stream":"ethusdt@depth@100ms","data":{"e":"depthUpdate","E":1783465162415,"s":"ETHUSDT","U":78545066342,"u":78545066350,"b":[["1775.24000000","0.27550000"],["1773.09000000","0.00290000"],["1598.04000000","0.24400000"]],"a":[["1775.96000000","0.00290000"],["1777.78000000","0.00000000"]]}}
{"stream":"btcusdt@depth@100ms","data":{"e":"depthUpdate","E":1783465162415,"s":"BTCUSDT","U":97109082800,"u":97109082806,"b":[["63303.12000000","0.02464000"],["57195.92000000","0.00480000"],["40000.00000000","260.73952000"]],"a":[]}}
{"stream":"btcusdt@depth@100ms","data":{"e":"depthUpdate","E":1783465162514,"s":"BTCUSDT","U":97109082807,"u":97109082813,"b":[["57195.92000000","0.00480000"],["57195.00000000","0.00107000"],["50840.82000000","0.00044000"]],"a":[]}}
{"stream":"ethusdt@depth@100ms","data":{"e":"depthUpdate","E":1783465162515,"s":"ETHUSDT","U":78545066351,"u":78545066361,"b":[["1773.05000000","0.00630000"],["1598.04000000","0.25780000"]],"a":[["1777.61000000","25.95690000"],["1777.83000000","1.89360000"],["1777.99000000","0.00000000"],["1778.15000000","0.04990000"]]}}
{"stream":"btcusdt@depth@100ms","data":{"e":"depthUpdate","E":1783465162614,"s":"BTCUSDT","U":97109082814,"u":97109082825,"b":[["57195.92000000","0.00480000"],["57195.00000000","0.00087000"],["50840.82000000","0.00044000"]],"a":[["63623.77000000","0.00807000"],["63627.95000000","0.00000000"],["64064.18000000","0.00000000"],["64504.30000000","0.00030000"]]}}
{"stream":"ethusdt@depth@100ms","data":{"e":"depthUpdate","E":1783465162615,"s":"ETHUSDT","U":78545066362,"u":78545066366,"b":[["1770.32000000","0.14660000"],["1598.04000000","0.25780000"]],"a":[]}}
{"stream":"btcusdt@depth@100ms","data":{"e":"depthUpdate","E":1783465162714,"s":"BTCUSDT","U":97109082826,"u":97109082829,"b":[["57195.92000000","0.00480000"]],"a":[]}}
{"stream":"ethusdt@depth@100ms","data":{"e":"depthUpdate","E":1783465162715,"s":"ETHUSDT","U":78545066367,"u":78545066369,"b":[["1598.04000000","0.25080000"]],"a":[]}}
{"stream":"btcusdt@depth@100ms","data":{"e":"depthUpdate","E":1783465162814,"s":"BTCUSDT","U":97109082830,"u":97109082833,"b":[["57195.92000000","0.00500000"],["50000.00000000","542.70415000"]],"a":[]}}
{"stream":"ethusdt@depth@100ms","data":{"e":"depthUpdate","E":1783465162815,"s":"ETHUSDT","U":78545066370,"u":78545066376,"b":[["1770.27000000","41.47930000"],["1598.04000000","0.23700000"]],"a":[]}}
{"stream":"btcusdt@depth@100ms","data":{"e":"depthUpdate","E":1783465162914,"s":"BTCUSDT","U":97109082834,"u":97109082837,"b":[["57195.92000000","0.00500000"]],"a":[]}}
{"stream":"ethusdt@depth@100ms","data":{"e":"depthUpdate","E":1783465162916,"s":"ETHUSDT","U":78545066377,"u":78545066385,"b":[["1765.00000000","167.55880000"],["1598.04000000","0.25080000"]],"a":[["1780.06000000","0.89340000"],["1780.98000000","0.01100000"]]}}
{"stream":"btcusdt@depth@100ms","data":{"e":"depthUpdate","E":1783465163014,"s":"BTCUSDT","U":97109082838,"u":97109082854,"b":[["63537.00000000","0.00008000"],["63484.91000000","0.00037000"],["63421.66000000","0.00014000"],["62597.75000000","0.00030000"],["57195.92000000","0.00480000"],["50840.82000000","0.00083000"]],"a":[["63562.43000000","0.00008000"],["63592.59000000","0.00392000"],["63655.82000000","0.00157000"]]}}
{"stream":"ethusdt@depth@100ms","data":{"e":"depthUpdate","E":1783465163016,"s":"ETHUSDT","U":78545066386,"u":78545066390,"b":[["1775.29000000","2.81790000"],["1775.26000000","26.84260000"],["1598.04000000","0.25080000"]],"a":[]}}
{"stream":"btcusdt@depth@100ms","data":{"e":"depthUpdate","E":1783465163114,"s":"BTCUSDT","U":97109082855,"u":97109082861,"b":[["63484.91000000","0.00037000"],["63421.66000000","0.00000000"],["57195.92000000","0.00480000"]],"a":[["63655.82000000","0.00000000"]]}}
{"stream":"ethusdt@depth@100ms","data":{"e":"depthUpdate","E":1783465163115,"s":"ETHUSDT","U":78545066391,"u":78545066393,"b":[["1598.04000000","0.25780000"]],"a":[]}}
{"stream":"btcusdt@trade","data":{"e":"trade","E":1783465163155,"s":"BTCUSDT","t":6486989278,"p":"63551.02000000","q":"0.00020000","T":1783465163155,"m":true,"M":true}}
{"stream":"btcusdt@depth@100ms","data":{"e":"depthUpdate","E":1783465163214,"s":"BTCUSDT","U":97109082862,"u":97109082880,"b":[["63551.02000000","1.87961000"],["63550.02000000","0.00805000"],["57195.92000000","0.00480000"],["57195.91000000","0.00010000"],["50840.82000000","0.00044000"]],"a":[["63551.03000000","0.37158000"],["63551.69000000","0.00018000"],["63551.70000000","0.03985000"],["63555.79000000","0.06473000"],["63557.27000000","0.06473000"]]}}
{"stream":"ethusdt@depth@100ms","data":{"e":"depthUpdate","E":1783465163215,"s":"ETHUSDT","U":78545066394,"u":78545066397,"b":[["1598.04000000","0.25780000"]],"a":[]}}
{"stream":"ethusdt@depth@100ms","data":{"e":"depthUpdate","E":1783465163315,"s":"ETHUSDT","U":78545066398,"u":78545066402,"b":[["1598.04000000","0.23700000"]],"a":[]}}
{"stream":"btcusdt@depth@100ms","data":{"e":"depthUpdate","E":1783465163315,"s":"BTCUSDT","U":97109082881,"u":97109082892,"b":[["57195.92000000","0.00480000"]],"a":[["63551.03000000","0.37158000"],["63551.70000000","0.04003000"],["63557.27000000","0.06455000"]]}}
{"stream":"ethusdt@depth@100ms","data":{"e":"depthUpdate","E":1783465163415,"s":"ETHUSDT","U":78545066403,"u":78545066411,"b":[["1775.24000000","0.27260000"],["1773.18000000","0.00340000"],["1598.04000000","0.25080000"]],"a":[["1775.96000000","0.00000000"],["1780.06000000","0.01120000"]]}}
{"stream":"btcusdt@depth@100ms","data":{"e":"depthUpdate","E":1783465163415,"s":"BTCUSDT","U":97109082893,"u":97109082901,"b":[["63551.02000000","1.87949000"],["58466.94000000","0.00018000"],["57195.92000000","0.00500000"],["40000.00000000","260.73952000"]],"a":[["63627.89000000","0.00000000"],["63629.99000000","1.91970000"]]}}
{"stream":"btcusdt@depth@100ms","data":{"e":"depthUpdate","E":1783465163514,"s":"BTCUSDT","U":97109082902,"u":97109082905,"b":[["57195.92000000","0.00500000"]],"a":[]}}
{"stream":"ethusdt@depth@100ms","data":{"e":"depthUpdate","E":1783465163515,"s":"ETHUSDT","U":78545066412,"u":78545066418,"b":[["1775.24000000","0.27550000"],["1773.50000000","0.46520000"],["1598.04000000","0.25080000"]],"a":[["1775.96000000","0.00290000"]]}}
{"stream":"btcusdt@depth@100ms","data":{"e":"depthUpdate","E":1783465163614,"s":"BTCUSDT","U":97109082906,"u":97109082917,"b":[["57195.92000000","0.00500000"],["57195.00000000","0.00087000"],["50840.82000000","0.00044000"]],"a":[["64504.30000000","0.00030000"]]}}
{"stream":"ethusdt@depth@100ms","data":{"e":"depthUpdate","E":1783465163617,"s":"ETHUSDT","U":78545066419,"u":78545066422,"b":[["1598.04000000","0.25080000"]],"a":[]}}
{"stream":"btcusdt@depth@100ms","data":{"e":"depthUpdate","E":1783465163714,"s":"BTCUSDT","U":97109082918,"u":97109082920,"b":[["57195.92000000","0.00480000"]],"a":[]}}
{"stream":"ethusdt@depth@100ms","data":{"e":"depthUpdate","E":1783465163715,"s":"ETHUSDT","U":78545066423,"u":78545066432,"b":[["1775.59000000","18.61040000"],["1598.04000000","0.23700000"],["1067.00000000","6.86000000"]],"a":[["1775.60000000","7.92590000"]]}}
{"stream":"btcusdt@trade","data":{"e":"trade","E":1783465163781,"s":"BTCUSDT","t":6486989279,"p":"63551.02000000","q":"0.03079000","T":1783465163781,"m":true,"M":true}}
{"stream":"btcusdt@trade","data":{"e":"trade","E":1783465163781,"s":"BTCUSDT","t":6486989280,"p":"63551.02000000","q":"0.00350000","T":1783465163781,"m":true,"M":true}}
{"stream":"btcusdt@trade","data":{"e":"trade","E":1783465163781,"s":"BTCUSDT","t":6486989281,"p":"63551.02000000","q":"0.00150000","T":1783465163781,"m":true,"M":true}}
{"stream":"btcusdt@trade","data":{"e":"trade","E":1783465163781,"s":"BTCUSDT","t":6486989282,"p":"63551.02000000","q":"0.00008000","T":1783465163781,"m":true,"M":true}}
{"stream":"btcusdt@trade","data":{"e":"trade","E":1783465163781,"s":"BTCUSDT","t":6486989283,"p":"63551.02000000","q":"0.00008000","T":1783465163781,"m":true,"M":true}}
{"stream":"btcusdt@trade","data":{"e":"trade","E":1783465163781,"s":"BTCUSDT","t":6486989284,"p":"63551.02000000","q":"0.00008000","T":1783465163781,"m":true,"M":true}}
{"stream":"btcusdt@trade","data":{"e":"trade","E":1783465163781,"s":"BTCUSDT","t":6486989285,"p":"63551.02000000","q":"0.00008000","T":1783465163781,"m":true,"M":true}}
{"stream":"btcusdt@trade","data":{"e":"trade","E":1783465163781,"s":"BTCUSDT","t":6486989286,"p":"63551.02000000","q":"0.02309000","T":1783465163781,"m":true,"M":true}}
{"stream":"btcusdt@depth@100ms","data":{"e":"depthUpdate","E":1783465163814,"s":"BTCUSDT","U":97109082921,"u":97109082928,"b":[["63551.02000000","1.82037000"],["57195.92000000","0.00480000"]],"a":[["63551.03000000","0.37206000"],["63558.72000000","0.00000000"],["63566.55000000","0.07913000"],["63567.95000000","0.00000000"]]}}
{"stream":"ethusdt@depth@100ms","data":{"e":"depthUpdate","E":1783465163816,"s":"ETHUSDT","U":78545066433,"u":78545066444,"b":[["1775.59000000","18.75840000"],["1775.47000000","0.43700000"],["1775.42000000","0.28170000"],["1775.29000000","0.00000000"],["1775.25000000","5.30320000"],["1598.04000000","0.25780000"]],"a":[["1775.94000000","0.28750000"],["1775.97000000","0.30140000"],["1953.16000000","0.00570000"]]}}
{"stream":"btcusdt@depth@100ms","data":{"e":"depthUpdate","E":1783465163914,"s":"BTCUSDT","U":97109082929,"u":97109082935,"b":[["58466.94000000","0.00000000"],["57195.92000000","0.00480000"]],"a":[["63627.89000000","1.91970000"],["63629.99000000","0.00000000"]]}}
{"stream":"ethusdt@depth@100ms","data":{"e":"depthUpdate","E":1783465163915,"s":"ETHUSDT","U":78545066445,"u":78545066451,"b":[["1598.04000000","0.25780000"]],"a":[["1776.18000000","0.00000000"],["1776.38000000","16.41820000"],["1953.16000000","0.00280000"]]}}
{"stream":"btcusdt@depth@100ms","data":{"e":"depthUpdate","E":1783465164014,"s":"BTCUSDT","U":97109082936,"u":97109082957,"b":[["63550.02000000","0.00823000"],["63548.01000000","0.00018000"],["63547.95000000","0.00009000"],["63537.00000000","0.00008000"],["63484.91000000","0.00000000"],["63483.16000000","0.00037000"],["63472.33000000","0.00000000"],["63420.01000000","0.00014000"],["62597.75000000","0.00030000"],["57195.92000000","0.00480000"],["50840.82000000","0.00083000"]],"a":[["63562.43000000","0.00008000"],["63566.55000000","0.00000000"],["63567.95000000","0.41855000"],["63592.59000000","0.00000000"],["63594.53000000","0.00392000"],["63657.99000000","0.00157000"],["63663.05000000","0.00000000"]]}}
{"stream":"ethusdt@depth@100ms","data":{"e":"depthUpdate","E":1783465164015,"s":"ETHUSDT","U":78545066452,"u":78545066457,"b":[["1775.42000000","0.00000000"],["1775.41000000","2.06170000"],["1598.04000000","0.25080000"]],"a":[["1775.92000000","0.60860000"],["1775.94000000","0.00580000"],["1776.09000000","11.29670000"],["1776.14000000","15.77350000"]]}}
{"stream":"btcusdt@trade","data":{"e":"trade","E":1783465164069,"s":"BTCUSDT","t":6486989287,"p":"63551.03000000","q":"0.00010000","T":1783465164069,"m":false,"M":true}}
{"stream":"ethusdt@trade","data":{"e":"trade","E":1783465164069,"s":"ETHUSDT","t":4197008355,"p":"1775.60000000","q":"0.00300000","T":1783465164069,"m":false,"M":true}}
{"stream":"ethusdt@depth@100ms","data":{"e":"depthUpdate","E":1783465164115,"s":"ETHUSDT","U":78545066458,"u":78545066476,"b":[["1775.31000000","11.26840000"],["1775.17000000","25.23510000"],["1773.03000000","7.73320000"],["1772.93000000","4.14380000"],["1598.04000000","0.25080000"]],"a":[["1775.60000000","1.44090000"],["1775.72000000","0.28320000"],["1775.73000000","0.00000000"],["1775.78000000","0.00300000"],["1775.92000000","0.32690000"],["1775.96000000","0.28460000"],["1776.03000000","52.53710000"],["1776.09000000","8.47880000"],["1776.13000000","2.82080000"],["1777.73000000","2.01680000"],["1777.83000000","0.20940000"]]}}
{"stream":"btcusdt@depth@100ms","data":{"e":"depthUpdate","E":1783465164115,"s":"BTCUSDT","U":97109082958,"u":97109082980,"b":[["63548.01000000","0.00000000"],["63547.95000000","0.00000000"],["63483.16000000","0.00000000"],["63479.92000000","0.04881000"],["63420.01000000","0.00014000"],["57195.92000000","0.00500000"]],"a":[["63551.03000000","0.37196000"],["63551.69000000","0.00000000"],["63551.70000000","0.00072000"],["63555.79000000","0.06482000"],["63573.37000000","0.00000000"],["63585.43000000","0.09130000"],["63592.58000000","0.00000000"],["63594.53000000","0.00000000"],["63657.99000000","0.00000000"],["63670.66000000","0.07658000"]]}}
{"stream":"btcusdt@depth@100ms","data":{"e":"depthUpdate","E":1783465164214,"s":"BTCUSDT","U":97109082981,"u":97109082995,"b":[["57195.92000000","0.00500000"],["50840.82000000","0.00044000"]],"a":[["63551.03000000","0.37166000"],["63551.69000000","0.00018000"],["63551.70000000","0.03985000"],["63555.79000000","0.06473000"],["63558.42000000","0.00048000"]]}}
{"stream":"ethusdt@depth@100ms","data":{"e":"depthUpdate","E":1783465164215,"s":"ETHUSDT","U":78545066477,"u":78545066487,"b":[["1775.59000000","18.61040000"],["1598.04000000","0.23700000"]],"a":[["1775.71000000","0.00000000"],["1775.73000000","0.00600000"]]}}
{"stream":"ethusdt@depth@100ms","data":{"e":"depthUpdate","E":1783465164316,"s":"ETHUSDT","U":78545066488,"u":78545066493,"b":[["1598.04000000","0.25080000"]],"a":[]}}
{"stream":"btcusdt@depth@100ms","data":{"e":"depthUpdate","E":1783465164315,"s":"BTCUSDT","U":97109082996,"u":97109083000,"b":[["63429.87000000","0.00000000"],["57195.92000000","0.00500000"]],"a":[]}}
{"stream":"btcusdt@trade","data":{"e":"trade","E":1783465164401,"s":"BTCUSDT","t":6486989288,"p":"63551.02000000","q":"0.00146000","T":1783465164400,"m":true,"M":true}}
{"stream":"ethusdt@depth@100ms","data":{"e":"depthUpdate","E":1783465164415,"s":"ETHUSDT","U":78545066494,"u":78545066498,"b":[["1675.60000000","3.67770000"],["1598.04000000","0.25780000"]],"a":[["1775.87000000","30.78760000"]]}}
{"stream":"btcusdt@depth@100ms","data":{"e":"depthUpdate","E":1783465164415,"s":"BTCUSDT","U":97109083001,"u":97109083015,"b":[["63551.02000000","1.81891000"],["63550.02000000","0.00036000"],["63549.15000000","0.00787000"],["63535.51000000","0.00000000"],["63516.72000000","0.00000000"],["63497.93000000","0.00520000"],["63479.15000000","0.00000000"],["63460.36000000","0.00000000"],["63441.57000000","0.00520000"],["63423.91000000","0.02000000"],["63422.78000000","0.00000000"],["63403.99000000","0.00000000"],["63385.20000000","0.00000000"],["63366.41000000","0.00000000"],["57195.92000000","0.00480000"],["57195.91000000","0.00000000"],["57195.90000000","0.00010000"],["40000.00000000","260.73952000"]],"a":[["63551.03000000","0.37148000"],["63551.70000000","0.04003000"],["63566.55000000","0.09433000"],["63567.95000000","0.00000000"],["63573.09000000","0.00000000"],["63591.88000000","0.00000000"],["63610.67000000","0.00519000"],["63629.45000000","0.00000000"],["63648.24000000","0.00000000"],["63667.03000000","0.00518000"],["63685.82000000","0.00000000"],["63704.61000000","0.00000000"],["63723.40000000","0.00000000"],["63742.19000000","0.00082000"]]}}
{"stream":"btcusdt@depth@100ms","data":{"e":"depthUpdate","E":1783465164514,"s":"BTCUSDT","U":97109083016,"u":97109083036,"b":[["63551.02000000","1.81921000"],["63550.02000000","0.00018000"],["63550.00000000","0.03818000"],["63539.97000000","0.00000000"],["63539.36000000","0.09449000"],["63420.14000000","0.09460000"],["57195.92000000","0.00480000"]],"a":[["63551.03000000","0.37196000"],["63558.42000000","0.00000000"],["63562.59000000","0.00000000"],["63563.43000000","0.09649000"],["63566.55000000","0.00000000"],["63567.95000000","0.46001000"]]}}
{"stream":"ethusdt@depth@100ms","data":{"e":"depthUpdate","E":1783465164515,"s":"ETHUSDT","U":78545066499,"u":78545066534,"b":[["1775.59000000","19.04740000"],["1775.31000000","7.88750000"],["1775.26000000","30.22350000"],["1775.24000000","0.27550000"],["1773.59000000","19.78160000"],["1773.38000000","0.13250000"],["1598.04000000","0.25780000"]],"a":[["1775.60000000","1.44090000"],["1775.61000000","0.19360000"],["1775.62000000","0.62190000"],["1775.63000000","3.84210000"],["1775.64000000","1.50300000"],["1775.67000000","11.27420000"],["1775.68000000","0.00880000"],["1775.73000000","0.00300000"],["1775.78000000","0.00000000"],["1775.87000000","7.88460000"],["1775.96000000","0.00290000"],["1775.99000000","8.64810000"],["1776.03000000","51.53710000"],["1776.43000000","0.44550000"],["1776.47000000","0.00840000"],["1776.48000000","20.76330000"],["1776.80000000","2.51220000"],["1777.61000000","7.88460000"],["1777.68000000","17.95090000"]]}}
{"stream":"btcusdt@depth@100ms","data":{"e":"depthUpdate","E":1783465164614,"s":"BTCUSDT","U":97109083037,"u":97109083054,"b":[["63540.21000000","0.00000000"],["63526.12000000","0.00000000"],["63512.03000000","0.00000000"],["63497.93000000","0.00000000"],["63483.84000000","0.00000000"],["63469.75000000","0.00000000"],["63455.66000000","0.00000000"],["63441.57000000","0.00000000"],["63427.48000000","0.00000000"],["63413.38000000","0.00000000"],["57195.92000000","0.00480000"],["50841.00000000","0.23623000"],["50840.82000000","0.00044000"]],"a":[["63551.03000000","0.37206000"],["63563.43000000","0.09649000"],["63568.39000000","0.00000000"],["63582.48000000","0.00000000"],["63596.57000000","0.00032000"],["63610.67000000","0.00000000"],["63617.96000000","0.03108000"],["63624.76000000","0.00000000"],["63638.85000000","0.00000000"],["63652.94000000","0.00000000"],["63667.03000000","0.00000000"],["63681.12000000","0.00000000"],["63695.22000000","0.00000000"],["63742.69000000","0.06309000"],["64504.30000000","0.00030000"]]}}
{"stream":"ethusdt@depth@100ms","data":{"e":"depthUpdate","E":1783465164615,"s":"ETHUSDT","U":78545066535,"u":78545066543,"b":[["1773.38000000","0.92170000"],["1598.04000000","0.24400000"]],"a":[["1775.60000000","1.44380000"],["1775.61000000","0.19650000"]]}}
{"stream":"btcusdt@depth@100ms","data":{"e":"depthUpdate","E":1783465164714,"s":"BTCUSDT","U":97109083055,"u":97109083073,"b":[["57195.92000000","0.00480000"],["57195.00000000","0.00087000"]],"a":[["63551.03000000","0.37158000"],["63558.49000000","0.00047000"],["63563.43000000","0.00200000"]]}}
{"stream":"ethusdt@depth@100ms","data":{"e":"depthUpdate","E":1783465164715,"s":"ETHUSDT","U":78545066544,"u":78545066549,"b":[["1774.51000000","3.90730000"],["1773.49000000","1.75850000"],["1773.38000000","0.13250000"],["1598.04000000","0.23700000"]],"a":[]}}
{"stream":"btcusdt@depth@100ms","data":{"e":"depthUpdate","E":1783465164815,"s":"BTCUSDT","U":97109083074,"u":97109083078,"b":[["57195.92000000","0.00500000"],["50000.00000000","542.70395000"]],"a":[["63563.44000000","0.09449000"]]}}
{"stream":"ethusdt@depth@100ms","data":{"e":"depthUpdate","E":1783465164816,"s":"ETHUSDT","U":78545066550,"u":78545066555,"b":[["1598.04000000","0.25080000"]],"a":[]}}
{"stream":"btcusdt@depth@100ms","data":{"e":"depthUpdate","E":1783465164914,"s":"BTCUSDT","U":97109083079,"u":97109083082,"b":[["57195.92000000","0.00500000"]],"a":[]}}
{"stream":"ethusdt@depth@100ms","data":{"e":"depthUpdate","E":1783465164916,"s":"ETHUSDT","U":78545066556,"u":78545066560,"b":[["1770.27000000","0.70920000"],["1598.04000000","0.25080000"]],"a":[]}}
{"stream":"btcusdt@depth@100ms","data":{"e":"depthUpdate","E":1783465165014,"s":"BTCUSDT","U":97109083083,"u":97109083093,"b":[["63537.00000000","0.00000000"],["63484.91000000","0.00037000"],["63421.66000000","0.00014000"],["63420.01000000","0.00000000"],["62597.75000000","0.00030000"],["57195.92000000","0.00480000"],["50840.82000000","0.00083000"]],"a":[["63562.43000000","0.00000000"],["63592.59000000","0.00392000"],["63655.82000000","0.00157000"]]}}
{"stream":"ethusdt@depth@100ms","data":{"e":"depthUpdate","E":1783465165015,"s":"ETHUSDT","U":78545066561,"u":78545066567,"b":[["1775.48000000","0.28170000"],["1775.41000000","1.78000000"],["1775.29000000","2.81790000"],["1775.25000000","2.48530000"],["1598.04000000","0.25080000"]],"a":[["1776.13000000","0.00290000"],["1776.16000000","22.24840000"]]}}
{"stream":"btcusdt@depth@100ms","data":{"e":"depthUpdate","E":1783465165115,"s":"BTCUSDT","U":97109083094,"u":97109083109,"b":[["63550.48000000","0.00787000"],["63549.15000000","0.00000000"],["63537.00000000","0.00008000"],["63484.91000000","0.00037000"],["63421.66000000","0.00014000"],["57195.92000000","0.00480000"]],"a":[["63551.69000000","0.00000000"],["63551.70000000","0.00072000"],["63555.79000000","0.06482000"],["63562.43000000","0.00008000"],["63592.59000000","0.00392000"],["63655.82000000","0.00157000"]]}}
{"stream":"ethusdt@depth@100ms","data":{"e":"depthUpdate","E":1783465165116,"s":"ETHUSDT","U":78545066568,"u":78545066575,"b":[["1770.33000000","41.81210000"],["1598.04000000","0.24400000"]],"a":[["1775.67000000","0.00300000"],["1775.70000000","11.27440000"]]}}
{"stream":"ethusdt@depth@100ms","data":{"e":"depthUpdate","E":1783465165215,"s":"ETHUSDT","U":78545066576,"u":78545066588,"b":[["1705.28000000","1.12640000"],["1705.25000000","0.00320000"],["1598.04000000","0.25780000"]],"a":[["1775.68000000","11.27990000"],["1775.70000000","0.00340000"],["1776.73000000","8.75610000"],["1776.98000000","5.59190000"],["1777.19000000","6.14800000"],["1777.36000000","2.82940000"]]}}
{"stream":"btcusdt@depth@100ms","data":{"e":"depthUpdate","E":1783465165215,"s":"BTCUSDT","U":97109083110,"u":97109083132,"b":[["63551.02000000","1.81939000"],["63550.00000000","0.03800000"],["63420.14000000","0.00000000"],["57195.92000000","0.00480000"],["50840.82000000","0.00044000"]],"a":[["63551.03000000","0.37158000"],["63551.70000000","0.00054000"],["63557.27000000","0.06473000"],["63563.44000000","0.09449000"],["63617.96000000","0.00000000"]]}}
{"stream":"btcusdt@depth@100ms","data":{"e":"depthUpdate","E":1783465165314,"s":"BTCUSDT","U":97109083133,"u":97109083140,"b":[["63550.48000000","0.00000000"],["63550.03000000","0.00787000"],["57195.92000000","0.00480000"]],"a":[["63627.89000000","0.00000000"],["63629.99000000","1.91970000"],["63742.69000000","0.00000000"]]}}
{"stream":"ethusdt@depth@100ms","data":{"e":"depthUpdate","E":1783465165317,"s":"ETHUSDT","U":78545066589,"u":78545066592,"b":[["1598.04000000","0.25780000"]],"a":[]}}
{"stream":"btcusdt@depth@100ms","data":{"e":"depthUpdate","E":1783465165414,"s":"BTCUSDT","U":97109083141,"u":97109083146,"b":[["63364.54000000","0.00840000"],["57195.92000000","0.00500000"],["40000.00000000","260.73952000"]],"a":[]}}
{"stream":"ethusdt@depth@100ms","data":{"e":"depthUpdate","E":1783465165415,"s":"ETHUSDT","U":78545066593,"u":78545066597,"b":[["1775.59000000","18.61040000"],["1773.60000000","0.43700000"],["1598.04000000","0.25080000"]],"a":[]}}
{"stream":"btcusdt@depth@100ms","data":{"e":"depthUpdate","E":1783465165514,"s":"BTCUSDT","U":97109083147,"u":97109083151,"b":[["63383.30000000","0.00840000"],["57195.92000000","0.00500000"]],"a":[]}}
{"stream":"ethusdt@depth@100ms","data":{"e":"depthUpdate","E":1783465165515,"s":"ETHUSDT","U":78545066598,"u":78545066611,"b":[["1775.24000000","0.27550000"],["1598.04000000","0.23700000"],["1067.00000000","6.86000000"]],"a":[["1775.69000000","0.28870000"],["1775.96000000","0.00290000"],["1776.01000000","26.69010000"],["1776.02000000","7.89300000"]]}}
{"stream":"btcusdt@depth@100ms","data":{"e":"depthUpdate","E":1783465165614,"s":"BTCUSDT","U":97109083152,"u":97109083165,"b":[["63411.45000000","0.00521000"],["63402.07000000","0.00840000"],["57195.92000000","0.00500000"],["50840.82000000","0.00044000"],["33000.00000000","35.16979000"]],"a":[["64504.30000000","0.00030000"]]}}
{"stream":"ethusdt@depth@100ms","data":{"e":"depthUpdate","E":1783465165615,"s":"ETHUSDT","U":78545066612,"u":78545066615,"b":[["1598.04000000","0.23700000"]],"a":[]}}
{"stream":"btcusdt@depth@100ms","data":{"e":"depthUpdate","E":1783465165714,"s":"BTCUSDT","U":97109083166,"u":97109083172,"b":[["63425.53000000","0.00521000"],["63420.83000000","0.00840000"],["57195.92000000","0.00480000"]],"a":[["63670.66000000","0.05068000"]]}}
{"stream":"ethusdt@depth@100ms","data":{"e":"depthUpdate","E":1783465165715,"s":"ETHUSDT","U":78545066616,"u":78545066623,"b":[["1774.03000000","13.08010000"],["1773.85000000","0.00000000"],["1598.04000000","0.25080000"]],"a":[]}}
{"stream":"btcusdt@depth@100ms","data":{"e":"depthUpdate","E":1783465165814,"s":"BTCUSDT","U":97109083173,"u":97109083181,"b":[["63439.60000000","0.01360000"],["57195.92000000","0.00480000"],["57195.00000000","0.00087000"]],"a":[["64064.18000000","0.00264000"]]}}
{"stream":"ethusdt@depth@100ms","data":{"e":"depthUpdate","E":1783465165815,"s":"ETHUSDT","U":78545066624,"u":78545066628,"b":[["1773.86000000","4.96820000"],["1598.04000000","0.25780000"]],"a":[]}}
{"stream":"btcusdt@depth@100ms","data":{"e":"depthUpdate","E":1783465165914,"s":"BTCUSDT","U":97109083182,"u":97109083213,"b":[["63551.02000000","1.81790000"],["63550.03000000","0.00000000"],["63550.00000000","0.03959000"],["63549.15000000","0.00787000"],["63548.01000000","0.00018000"],["63547.95000000","0.00009000"],["63546.90000000","0.45635000"],["63546.60000000","0.00000000"],["63539.36000000","0.00000000"],["63539.35000000","0.09449000"],["63537.08000000","0.70855000"],["63484.91000000","0.00000000"],["63458.37000000","0.00839000"],["63453.68000000","0.00520000"],["63421.66000000","0.00000000"],["57195.92000000","0.00480000"]],"a":[["63551.03000000","0.38526000"],["63551.69000000","0.00018000"],["63551.70000000","0.03985000"],["63555.79000000","0.06473000"],["63558.49000000","0.00000000"],["63558.70000000","0.93944000"],["63561.81000000","0.06455000"],["63561.82000000","2.83475000"],["63561.83000000","0.00000000"],["63566.55000000","0.12383000"],["63567.95000000","0.00000000"],["63582.63000000","0.00000000"]]}}
{"stream":"ethusdt@depth@100ms","data":{"e":"depthUpdate","E":1783465165915,"s":"ETHUSDT","U":78545066629,"u":78545066633,"b":[["1775.48000000","0.00000000"],["1775.46000000","0.63510000"],["1598.04000000","0.25780000"]],"a":[]}}
{"stream":"ethusdt@trade","data":{"e":"trade","E":1783465165952,"s":"ETHUSDT","t":4197008356,"p":"1775.59000000","q":"0.56660000","T":1783465165952,"m":true,"M":true}}
{"stream":"btcusdt@depth@100ms","data":{"e":"depthUpdate","E":1783465166014,"s":"BTCUSDT","U":97109083214,"u":97109083242,"b":[["63484.91000000","0.00037000"],["63479.92000000","0.00000000"],["63477.13000000","0.00839000"],["63467.75000000","0.00520000"],["63421.66000000","0.00014000"],["62597.75000000","0.00030000"],["57195.92000000","0.00480000"],["50840.82000000","0.00083000"]],"a":[["63551.03000000","0.38526000"],["63551.70000000","0.04003000"],["63557.27000000","0.06455000"],["63561.80000000","0.59046000"],["63565.24000000","0.00000000"],["63566.55000000","0.00000000"],["63567.95000000","0.45945000"],["63592.59000000","0.00392000"],["63627.89000000","1.91970000"],["63629.99000000","0.00000000"],["63655.82000000","0.00157000"],["63670.66000000","0.00000000"]]}}
{"stream":"ethusdt@depth@100ms","data":{"e":"depthUpdate","E":1783465166015,"s":"ETHUSDT","U":78545066634,"u":78545066641,"b":[["1775.59000000","18.04380000"],["1598.04000000","0.23700000"]],"a":[["1775.97000000","0.58310000"],["1775.99000000","8.36640000"],["1777.67000000","0.13460000"]]}}
{"stream":"btcusdt@depth@100ms","data":{"e":"depthUpdate","E":1783465166114,"s":"BTCUSDT","U":97109083243,"u":97109083263,"b":[["63537.00000000","0.00008000"],["63495.90000000","0.00848000"],["63484.91000000","0.00000000"],["63481.83000000","0.00520000"],["63471.32000000","0.16051000"],["63421.66000000","0.00014000"],["57195.92000000","0.00500000"]],"a":[["63551.70000000","0.06930000"],["63555.18000000","0.00009000"],["63555.19000000","0.06463000"],["63555.78000000","0.00009000"],["63562.43000000","0.00008000"],["63566.58000000","0.00000000"],["63567.94000000","0.44772000"],["63567.95000000","0.00000000"],["63592.59000000","0.00392000"],["63655.82000000","0.00157000"],["63662.03000000","0.05327000"]]}}
{"stream":"ethusdt@depth@100ms","data":{"e":"depthUpdate","E":1783465166115,"s":"ETHUSDT","U":78545066642,"u":78545066647,"b":[["1598.04000000","0.25080000"]],"a":[]}}
{"stream":"btcusdt@depth@100ms","data":{"e":"depthUpdate","E":1783465166214,"s":"BTCUSDT","U":97109083264,"u":97109083279,"b":[["63514.67000000","0.00838000"],["63495.90000000","0.01368000"],["57195.92000000","0.00500000"],["50840.82000000","0.00044000"]],"a":[["63554.89000000","0.06434000"],["63555.19000000","0.06481000"],["63555.80000000","0.52429000"],["63582.63000000","0.17981000"]]}}
{"stream":"ethusdt@depth@100ms","data":{"e":"depthUpdate","E":1783465166215,"s":"ETHUSDT","U":78545066648,"u":78545066653,"b":[["1598.04000000","0.25080000"]],"a":[["1775.66000000","11.27430000"],["1775.68000000","0.00880000"]]}}
{"stream":"btcusdt@depth@100ms","data":{"e":"depthUpdate","E":1783465166314,"s":"BTCUSDT","U":97109083280,"u":97109083285,"b":[["63533.43000000","0.00838000"],["63509.98000000","0.00520000"],["57195.92000000","0.00500000"]],"a":[]}}
{"stream":"ethusdt@depth@100ms","data":{"e":"depthUpdate","E":1783465166317,"s":"ETHUSDT","U":78545066654,"u":78545066657,"b":[["1598.04000000","0.25080000"]],"a":[]}}
{"stream":"btcusdt@depth@100ms","data":{"e":"depthUpdate","E":1783465166414,"s":"BTCUSDT","U":97109083286,"u":97109083294,"b":[["63532.20000000","0.00000000"],["63532.19000000","0.00961000"],["63524.05000000","0.00520000"],["57195.92000000","0.00480000"],["40000.00000000","260.73952000"]],"a":[["63570.97000000","0.00838000"]]}}
{"stream":"ethusdt@depth@100ms","data":{"e":"depthUpdate","E":1783465166415,"s":"ETHUSDT","U":78545066658,"u":78545066661,"b":[["1598.04000000","0.25080000"]],"a":[]}}
{"stream":"btcusdt@depth@100ms","data":{"e":"depthUpdate","E":1783465166514,"s":"BTCUSDT","U":97109083295,"u":97109083301,"b":[["63538.13000000","0.01375000"],["63508.80000000","0.00000000"],["57195.92000000","0.00480000"]],"a":[["63589.73000000","0.00837000"]]}}
{"stream":"ethusdt@depth@100ms","data":{"e":"depthUpdate","E":1783465166515,"s":"ETHUSDT","U":78545066662,"u":78545066671,"b":[["1775.24000000","0.27260000"],["1598.04000000","0.24400000"]],"a":[["1775.64000000","1.78280000"],["1775.65000000","0.00890000"],["1775.73000000","0.00000000"],["1775.96000000","0.00000000"],["1779.87000000","0.88210000"]]}}
{"stream":"ethusdt@depth@100ms","data":{"e":"depthUpdate","E":1783465166615,"s":"ETHUSDT","U":78545066672,"u":78545066679,"b":[["1775.24000000","0.27550000"],["1598.04000000","0.25780000"]],"a":[["1775.96000000","0.00290000"]]}}
{"stream":"btcusdt@depth@100ms","data":{"e":"depthUpdate","E":1783465166615,"s":"BTCUSDT","U":97109083302,"u":97109083313,"b":[["57195.92000000","0.00480000"],["50840.82000000","0.00044000"]],"a":[["63566.27000000","0.00520000"],["63608.50000000","0.00837000"],["64504.30000000","0.00030000"]]}}
{"stream":"btcusdt@depth@100ms","data":{"e":"depthUpdate","E":1783465166714,"s":"BTCUSDT","U":97109083314,"u":97109083320,"b":[["57195.92000000","0.00480000"]],"a":[["63580.35000000","0.00519000"],["63592.59000000","0.00000000"],["63627.27000000","0.00837000"]]}}
{"stream":"ethusdt@depth@100ms","data":{"e":"depthUpdate","E":1783465166715,"s":"ETHUSDT","U":78545066680,"u":78545066682,"b":[["1598.04000000","0.25080000"]],"a":[]}}
{"stream":"btcusdt@trade","data":{"e":"trade","E":1783465166736,"s":"BTCUSDT","t":6486989289,"p":"63551.03000000","q":"0.00126000","T":1783465166736,"m":false,"M":true}}
{"stream":"ethusdt@depth@100ms","data":{"e":"depthUpdate","E":1783465166815,"s":"ETHUSDT","U":78545066683,"u":78545066687,"b":[["1598.04000000","0.25080000"]],"a":[["1779.16000000","0.33760000"]]}}
{"stream":"btcusdt@depth@100ms","data":{"e":"depthUpdate","E":1783465166815,"s":"BTCUSDT","U":97109083321,"u":97109083343,"b":[["63551.02000000","1.81754000"],["63550.00000000","0.03818000"],["63549.15000000","0.00957000"],["63452.24000000","0.02464000"],["63447.99000000","0.00472000"],["57195.92000000","0.00510000"],["57195.90000000","0.00000000"],["57195.00000000","0.00107000"]],"a":[["63551.03000000","0.38400000"],["63594.42000000","0.00519000"],["63646.03000000","0.00837000"]]}}
{"stream":"ethusdt@depth@100ms","data":{"e":"depthUpdate","E":1783465166916,"s":"ETHUSDT","U":78545066688,"u":78545066695,"b":[["1773.49000000","1.13840000"],["1773.21000000","1.84610000"],["1598.04000000","0.23700000"]],"a":[]}}
{"stream":"btcusdt@depth@100ms","data":{"e":"depthUpdate","E":1783465166916,"s":"BTCUSDT","U":97109083344,"u":97109083351,"b":[["57195.92000000","0.00500000"],["57195.00000000","0.00087000"]],"a":[["63608.50000000","0.01356000"],["63664.80000000","0.00836000"]]}}
{"stream":"btcusdt@depth@100ms","data":{"e":"depthUpdate","E":1783465167014,"s":"BTCUSDT","U":97109083352,"u":97109083364,"b":[["63482.01000000","0.00037000"],["63452.24000000","0.00000000"],["63444.32000000","0.02464000"],["63421.66000000","0.00000000"],["63418.01000000","0.00014000"],["62597.75000000","0.00000000"],["57195.92000000","0.00480000"],["50840.82000000","0.00083000"]],"a":[["63595.78000000","0.00392000"],["63622.57000000","0.00519000"],["63655.82000000","0.00000000"],["63659.99000000","0.00157000"],["63683.57000000","0.00836000"]]}}
{"stream":"ethusdt@depth@100ms","data":{"e":"depthUpdate","E":1783465167016,"s":"ETHUSDT","U":78545066696,"u":78545066706,"b":[["1598.04000000","0.25080000"]],"a":[["1777.56000000","32.96440000"],["1777.60000000","11.46150000"],["1777.68000000","0.01320000"],["1782.71000000","0.94190000"]]}}
{"stream":"btcusdt@depth@100ms","data":{"e":"depthUpdate","E":1783465167114,"s":"BTCUSDT","U":97109083365,"u":97109083382,"b":[["63537.00000000","0.00008000"],["63482.01000000","0.00000000"],["63444.32000000","0.00000000"],["63418.01000000","0.00014000"],["62597.75000000","0.00030000"],["57195.92000000","0.00480000"]],"a":[["63562.43000000","0.00008000"],["63594.53000000","0.00393000"],["63595.78000000","0.00000000"],["63636.65000000","0.00519000"],["63659.99000000","0.00000000"],["63702.33000000","0.00836000"]]}}
{"stream":"ethusdt@depth@100ms","data":{"e":"depthUpdate","E":1783465167115,"s":"ETHUSDT","U":78545066707,"u":78545066710,"b":[["1598.04000000","0.25780000"]],"a":[["1786.26000000","0.00470000"]]}}
{"stream":"btcusdt@trade","data":{"e":"trade","E":1783465167124,"s":"BTCUSDT","t":6486989290,"p":"63551.03000000","q":"0.00089000","T":1783465167124,"m":false,"M":true}}
{"stream":"btcusdt@depth@100ms","data":{"e":"depthUpdate","E":1783465167214,"s":"BTCUSDT","U":97109083383,"u":97109083405,"b":[["63551.02000000","1.81762000"],["63550.23000000","0.70840000"],["63550.01000000","0.23845000"],["63550.00000000","0.03836000"],["63549.99000000","0.00173000"],["63549.15000000","0.00805000"],["63548.01000000","0.00000000"],["63537.08000000","0.00015000"],["63510.80000000","2.26261000"],["57195.92000000","0.00480000"],["50840.82000000","0.00044000"]],"a":[["63551.03000000","0.38311000"],["63566.55000000","0.08173000"],["63567.94000000","0.00008000"],["63594.81000000","0.00000000"],["63650.72000000","0.00519000"],["63721.10000000","0.00845000"]]}}
{"stream":"ethusdt@depth@100ms","data":{"e":"depthUpdate","E":1783465167215,"s":"ETHUSDT","U":78545066711,"u":78545066715,"b":[["1770.33000000","0.00000000"],["1598.04000000","0.25780000"]],"a":[]}}
{"stream":"ethusdt@depth@100ms","data":{"e":"depthUpdate","E":1783465167317,"s":"ETHUSDT","U":78545066716,"u":78545066727,"b":[["1775.06000000","14.92790000"],["1775.03000000","16.58700000"],["1774.87000000","0.43990000"],["1598.04000000","0.25780000"],["1067.00000000","6.86000000"]],"a":[["1789.81000000","0.00000000"]]}}
{"stream":"btcusdt@depth@100ms","data":{"e":"depthUpdate","E":1783465167317,"s":"BTCUSDT","U":97109083406,"u":97109083437,"b":[["63551.02000000","1.81770000"],["63550.25000000","0.00018000"],["63550.24000000","0.23827000"],["63550.23000000","0.70858000"],["63550.02000000","0.00000000"],["63550.01000000","0.00018000"],["63550.00000000","0.03818000"],["63547.95000000","0.00018000"],["63547.94000000","0.06482000"],["63547.92000000","1.12821000"],["63539.35000000","0.00000000"],["63539.33000000","0.09449000"],["57195.92000000","0.00480000"]],"a":[["63664.80000000","0.01355000"],["63739.86000000","0.00835000"]]}}
{"stream":"btcusdt@depth@100ms","data":{"e":"depthUpdate","E":1783465167414,"s":"BTCUSDT","U":97109083438,"u":97109083459,"b":[["63551.02000000","1.81762000"],["63550.24000000","0.23845000"],["63550.23000000","0.70858000"],["63550.01000000","0.00000000"],["63501.01000000","0.00025000"],["57195.92000000","0.00500000"],["50841.00000000","0.23623000"],["40000.00000000","260.73952000"]],"a":[["63678.87000000","0.00519000"]]}}
{"stream":"ethusdt@depth@100ms","data":{"e":"depthUpdate","E":1783465167415,"s":"ETHUSDT","U":78545066728,"u":78545066733,"b":[["1770.33000000","41.82570000"],["1598.04000000","0.23700000"]],"a":[]}}
{"stream":"ethusdt@depth@100ms","data":{"e":"depthUpdate","E":1783465167515,"s":"ETHUSDT","U":78545066734,"u":78545066742,"b":[["1772.18000000","0.88210000"],["1771.86000000","0.00580000"],["1598.04000000","0.25080000"]],"a":[["1779.15000000","0.00340000"]]}}
{"stream":"btcusdt@depth@100ms","data":{"e":"depthUpdate","E":1783465167515,"s":"BTCUSDT","U":97109083460,"u":97109083464,"b":[["57195.92000000","0.00500000"]],"a":[["63692.95000000","0.00518000"]]}}
{"stream":"btcusdt@depth@100ms","data":{"e":"depthUpdate","E":1783465167614,"s":"BTCUSDT","U":97109083465,"u":97109083475,"b":[["57195.92000000","0.00500000"],["50840.82000000","0.00044000"]],"a":[["64504.30000000","0.00030000"],["77811.66000000","0.00019000"]]}}
{"stream":"ethusdt@depth@100ms","data":{"e":"depthUpdate","E":1783465167616,"s":"ETHUSDT","U":78545066743,"u":78545066749,"b":[["1775.24000000","0.27550000"],["1598.04000000","0.25080000"]],"a":[["1775.96000000","0.00290000"]]}}
{"stream":"btcusdt@depth@100ms","data":{"e":"depthUpdate","E":1783465167714,"s":"BTCUSDT","U":97109083476,"u":97109083485,"b":[["63551.02000000","1.81762000"],["63550.26000000","0.00787000"],["63549.99000000","0.00000000"],["63549.15000000","0.00018000"],["57195.92000000","0.00480000"]],"a":[["63551.03000000","0.38526000"],["63627.89000000","0.00000000"],["63629.99000000","1.91970000"]]}}
{"stream":"ethusdt@depth@100ms","data":{"e":"depthUpdate","E":1783465167715,"s":"ETHUSDT","U":78545066750,"u":78545066756,"b":[["1772.18000000","0.00000000"],["1598.04000000","0.25080000"]],"a":[["1775.97000000","0.30140000"],["1775.98000000","0.44830000"],["1782.70000000","0.00340000"]]}}
{"stream":"btcusdt@depth@100ms","data":{"e":"depthUpdate","E":1783465167814,"s":"BTCUSDT","U":97109083486,"u":97109083503,"b":[["63551.02000000","1.81762000"],["63550.26000000","0.00805000"],["63550.00000000","0.03818000"],["63549.15000000","0.00000000"],["57195.92000000","0.00480000"],["50000.00000000","542.70415000"]],"a":[["63558.82000000","0.01287000"]]}}
{"stream":"ethusdt@depth@100ms","data":{"e":"depthUpdate","E":1783465167815,"s":"ETHUSDT","U":78545066757,"u":78545066761,"b":[["1598.04000000","0.24400000"]],"a":[]}}
{"stream":"btcusdt@depth@100ms","data":{"e":"depthUpdate","E":1783465167915,"s":"BTCUSDT","U":97109083504,"u":97109083520,"b":[["63550.24000000","0.04026000"],["63550.23000000","0.00018000"],["63550.01000000","0.00018000"],["63548.01000000","0.00018000"],["63547.94000000","0.06473000"],["57195.92000000","0.00480000"],["57195.00000000","0.00087000"]],"a":[["63551.04000000","0.00141000"]]}}
{"stream":"ethusdt@depth@100ms","data":{"e":"depthUpdate","E":1783465167915,"s":"ETHUSDT","U":78545066762,"u":78545066768,"b":[["1598.04000000","0.25780000"]],"a":[["1786.25000000","0.00340000"]]}}
{"stream":"btcusdt@depth@100ms","data":{"e":"depthUpdate","E":1783465168014,"s":"BTCUSDT","U":97109083521,"u":97109083540,"b":[["63551.02000000","1.81754000"],["63550.24000000","0.04026000"],["63550.23000000","0.00000000"],["63547.92000000","1.12839000"],["63483.16000000","0.00037000"],["63419.11000000","0.00014000"],["63418.01000000","0.00000000"],["57195.92000000","0.00480000"],["50840.82000000","0.00083000"]],"a":[["63566.55000000","0.00000000"],["63567.95000000","0.39559000"],["63594.53000000","0.00393000"],["63657.99000000","0.00157000"]]}}
{"stream":"ethusdt@depth@100ms","data":{"e":"depthUpdate","E":1783465168015,"s":"ETHUSDT","U":78545066769,"u":78545066781,"b":[["1773.21000000","0.00000000"],["1598.04000000","0.25080000"]],"a":[["1775.60000000","1.44380000"],["1775.62000000","0.61190000"],["1775.63000000","0.63830000"],["1775.65000000","0.00590000"],["1775.66000000","0.00300000"],["1775.68000000","0.01180000"],["1775.71000000","11.27100000"]]}}
{"stream":"ethusdt@depth@100ms","data":{"e":"depthUpdate","E":1783465168115,"s":"ETHUSDT","U":78545066782,"u":78545066788,"b":[["1775.48000000","0.28170000"],["1775.46000000","0.35340000"],["1773.49000000","1.75850000"],["1598.04000000","0.25080000"]],"a":[["1789.80000000","0.00620000"]]}}
{"stream":"btcusdt@depth@100ms","data":{"e":"depthUpdate","E":1783465168115,"s":"BTCUSDT","U":97109083541,"u":97109083558,"b":[["63550.26000000","0.00018000"],["63549.15000000","0.00787000"],["63537.00000000","0.00008000"],["63536.44000000","0.70840000"],["63483.16000000","0.00000000"],["63419.11000000","0.00014000"],["62597.75000000","0.00030000"],["57195.92000000","0.00500000"]],"a":[["63551.03000000","0.37206000"],["63554.52000000","0.01320000"],["63562.43000000","0.00008000"],["63594.53000000","0.00000000"],["63657.99000000","0.00157000"]]}}
{"stream":"btcusdt@depth@100ms","data":{"e":"depthUpdate","E":1783465168214,"s":"BTCUSDT","U":97109083559,"u":97109083587,"b":[["63551.02000000","1.81754000"],["63550.26000000","0.00000000"],["63550.00000000","0.03982000"],["63549.15000000","0.00805000"],["57195.92000000","0.00500000"],["50840.82000000","0.00044000"]],"a":[["63551.03000000","0.37215000"],["63551.04000000","0.00150000"],["63554.36000000","0.04022000"],["63554.52000000","0.01338000"],["63555.79000000","0.06455000"],["63566.55000000","0.08262000"],["63567.95000000","0.00000000"]]}}
{"stream":"ethusdt@depth@100ms","data":{"e":"depthUpdate","E":1783465168216,"s":"ETHUSDT","U":78545066789,"u":78545066795,"b":[["1598.04000000","0.25080000"]],"a":[["1775.70000000","3.83420000"],["1777.61000000","8.01920000"],["1777.67000000","0.00000000"]]}}
{"stream":"btcusdt@depth@100ms","data":{"e":"depthUpdate","E":1783465168314,"s":"BTCUSDT","U":97109083588,"u":97109083594,"b":[["63539.33000000","0.00000000"],["63510.80000000","2.46062000"],["57195.92000000","0.00534000"]],"a":[]}}
{"stream":"ethusdt@depth@100ms","data":{"e":"depthUpdate","E":1783465168317,"s":"ETHUSDT","U":78545066796,"u":78545066801,"b":[["1598.04000000","0.23700000"]],"a":[]}}
{"stream":"btcusdt@depth@100ms","data":{"e":"depthUpdate","E":1783465168414,"s":"BTCUSDT","U":97109083595,"u":97109083703,"b":[["63551.02000000","1.09285000"],["63551.01000000","0.00368000"],["63550.25000000","0.00000000"],["63550.24000000","0.00018000"],["63549.15000000","0.00018000"],["63548.57000000","0.00000000"],["63547.94000000","0.00018000"],["63547.93000000","0.00018000"],["63547.92000000","0.00018000"],["63547.91000000","0.00000000"],["63547.85000000","0.00000000"],["63547.49000000","0.00000000"],["63546.93000000","0.00000000"],["63546.91000000","0.00000000"],["63546.90000000","0.00008000"],["63546.36000000","0.00000000"],["63545.56000000","0.00787000"],["63545.37000000","0.46020000"],["63545.36000000","0.00000000"],["63545.35000000","0.00000000"],["63544.11000000","0.00000000"],["63543.68000000","0.00000000"],["63542.52000000","0.42497000"],["63539.31000000","0.00000000"],["63538.87000000","0.09450000"],["63532.19000000","0.00000000"],["63528.67000000","0.05670000"],["63528.36000000","0.56707000"],["63526.72000000","0.39563000"],["63524.37000000","0.00000000"],["63481.31000000","2.83475000"],["63416.02000000","0.03951000"],["63304.87000000","4.74387000"],["57195.92000000","0.00514000"],["40000.00000000","260.73952000"]],"a":[["63551.03000000","1.60334000"],["63551.04000000","0.00114000"],["63554.74000000","0.00787000"],["63554.88000000","0.00000000"],["63555.18000000","0.00000000"],["63555.78000000","0.00000000"],["63557.07000000","0.00400000"],["63557.77000000","0.00000000"],["63558.44000000","0.00000000"],["63558.69000000","0.45627000"],["63558.89000000","0.00000000"],["63559.64000000","0.00000000"],["63561.13000000","0.00264000"],["63561.81000000","0.00000000"],["63561.89000000","0.02000000"],["63561.95000000","0.61333000"],["63562.17000000","0.00252000"],["63566.55000000","0.00000000"],["63567.76000000","0.56672000"],["63568.88000000","0.22500000"],["63579.42000000","0.00000000"],["63582.49000000","0.00008000"],["63582.51000000","0.00000000"]]}}
{"stream":"ethusdt@depth@100ms","data":{"e":"depthUpdate","E":1783465168415,"s":"ETHUSDT","U":78545066802,"u":78545066842,"b":[["1775.59000000","17.61090000"],["1775.52000000","0.03880000"],["1775.51000000","0.00300000"],["1775.48000000","0.00300000"],["1775.47000000","0.43700000"],["1775.46000000","0.07260000"],["1775.42000000","0.00000000"],["1775.39000000","0.72450000"],["1775.33000000","8.46160000"],["1775.29000000","0.00000000"],["1775.23000000","3.29420000"],["1773.86000000","7.15770000"],["1773.85000000","9.46160000"],["1773.80000000","8.32450000"],["1598.04000000","0.25080000"]],"a":[["1775.60000000","11.27850000"],["1775.61000000","0.18490000"],["1775.63000000","3.92270000"],["1775.67000000","0.00600000"],["1775.68000000","11.27990000"],["1775.70000000","0.00340000"],["1775.71000000","0.00000000"],["1775.87000000","15.76920000"],["1775.90000000","1.07000000"],["1775.98000000","0.16660000"],["1777.56000000","15.02670000"],["1777.61000000","25.95690000"]]}}
{"stream":"btcusdt@depth@100ms","data":{"e":"depthUpdate","E":1783465168514,"s":"BTCUSDT","U":97109083704,"u":97109083792,"b":[["63551.02000000","1.06699000"],["63550.71000000","0.00000000"],["63550.24000000","0.00000000"],["63550.00000000","0.03982000"],["63549.15000000","0.00000000"],["63549.13000000","0.09156000"],["63548.00000000","0.02818000"],["63547.95000000","0.00000000"],["63547.94000000","0.00000000"],["63547.93000000","0.00000000"],["63547.92000000","0.00000000"],["63547.90000000","0.00008000"],["63547.57000000","0.00675000"],["63546.90000000","0.00000000"],["63546.48000000","0.00032000"],["63546.30000000","0.00018000"],["63546.29000000","0.02018000"],["63546.01000000","0.00009000"],["63546.00000000","0.02818000"],["63545.56000000","0.00805000"],["63545.55000000","0.01000000"],["63545.37000000","0.00000000"],["63544.79000000","0.22265000"],["63544.78000000","0.06455000"],["63543.74000000","0.06455000"],["63542.77000000","0.00047000"],["63542.70000000","0.06455000"],["63542.69000000","0.00188000"],["63542.59000000","0.00048000"],["63542.53000000","0.52467000"],["63522.09000000","0.00400000"],["63471.32000000","0.00000000"],["57195.92000000","0.00514000"]],"a":[["63551.03000000","1.62694000"],["63554.52000000","0.01338000"],["63554.74000000","0.00805000"],["63555.48000000","0.00400000"],["63555.67000000","0.00862000"],["63558.45000000","0.00000000"],["63559.48000000","0.00252000"],["63561.13000000","0.00012000"],["63562.17000000","0.00000000"],["63580.92000000","0.00000000"],["63662.03000000","0.00000000"]]}}
{"stream":"ethusdt@depth@100ms","data":{"e":"depthUpdate","E":1783465168515,"s":"ETHUSDT","U":78545066843,"u":78545066871,"b":[["1775.59000000","18.04060000"],["1775.54000000","0.00300000"],["1775.53000000","0.01440000"],["1775.48000000","0.00600000"],["1775.42000000","0.00300000"],["1775.39000000","0.44280000"],["1775.34000000","14.19010000"],["1775.33000000","0.57700000"],["1774.03000000","1.00530000"],["1773.60000000","8.32160000"],["1773.54000000","1.00140000"],["1598.04000000","0.25780000"]],"a":[["1775.60000000","11.90630000"],["1775.61000000","0.19360000"],["1775.64000000","13.05420000"],["1775.67000000","0.00300000"],["1775.68000000","0.00880000"],["1775.78000000","0.00300000"],["1775.87000000","30.78760000"]]}}
{"stream":"btcusdt@depth@100ms","data":{"e":"depthUpdate","E":1783465168614,"s":"BTCUSDT","U":97109083793,"u":97109083820,"b":[["63551.02000000","1.06699000"],["63551.01000000","0.00368000"],["63550.00000000","0.03818000"],["63549.12000000","0.00552000"],["63545.55000000","0.01000000"],["63538.87000000","0.00000000"],["63538.86000000","0.09450000"],["63477.84000000","0.04882000"],["57195.92000000","0.00514000"],["50840.82000000","0.00044000"]],"a":[["63668.57000000","0.07658000"]]}}
{"stream":"ethusdt@depth@100ms","data":{"e":"depthUpdate","E":1783465168615,"s":"ETHUSDT","U":78545066872,"u":78545066883,"b":[["1775.54000000","0.00900000"],["1775.53000000","0.45140000"],["1775.42000000","0.00000000"],["1775.24000000","0.27550000"],["1773.54000000","0.56440000"],["1598.04000000","0.25780000"]],"a":[["1775.96000000","0.00290000"]]}}
{"stream":"ethusdt@trade","data":{"e":"trade","E":1783465168644,"s":"ETHUSDT","t":4197008357,"p":"1775.60000000","q":"0.00980000","T":1783465168644,"m":false,"M":true}}
{"stream":"ethusdt@trade","data":{"e":"trade","E":1783465168657,"s":"ETHUSDT","t":4197008358,"p":"1775.60000000","q":"0.28150000","T":1783465168657,"m":false,"M":true}}
{"stream":"btcusdt@depth@100ms","data":{"e":"depthUpdate","E":1783465168714,"s":"BTCUSDT","U":97109083821,"u":97109083838,"b":[["63549.13000000","0.09156000"],["63549.12000000","0.00570000"],["63545.55000000","0.00982000"],["57195.92000000","0.00514000"],["50840.82000000","0.00044000"]],"a":[["63558.63000000","0.09070000"],["63565.39000000","0.56674000"],["64504.30000000","0.00030000"]]}}
{"stream":"ethusdt@depth@100ms","data":{"e":"depthUpdate","E":1783465168715,"s":"ETHUSDT","U":78545066884,"u":78545066890,"b":[["1598.04000000","0.23700000"]],"a":[["1775.60000000","11.61500000"]]}}
{"stream":"ethusdt@trade","data":{"e":"trade","E":1783465168783,"s":"ETHUSDT","t":4197008359,"p":"1775.60000000","q":"0.08950000","T":1783465168783,"m":false,"M":true}}
{"stream":"btcusdt@depth@100ms","data":{"e":"depthUpdate","E":1783465168814,"s":"BTCUSDT","U":97109083839,"u":97109083841,"b":[["57195.92000000","0.00534000"]],"a":[]}}
{"stream":"ethusdt@depth@100ms","data":{"e":"depthUpdate","E":1783465168815,"s":"ETHUSDT","U":78545066891,"u":78545066898,"b":[["1598.04000000","0.25080000"],["1598.03000000","0.00350000"]],"a":[["1775.60000000","11.52550000"]]}}
{"stream":"ethusdt@depth@100ms","data":{"e":"depthUpdate","E":1783465168916,"s":"ETHUSDT","U":78545066899,"u":78545066905,"b":[["1773.49000000","1.13840000"],["1598.04000000","0.25080000"],["1598.03000000","0.00000000"]],"a":[["1778.72000000","0.00000000"]]}}
{"stream":"btcusdt@depth@100ms","data":{"e":"depthUpdate","E":1783465168916,"s":"BTCUSDT","U":97109083842,"u":97109083847,"b":[["63551.02000000","1.10500000"],["58466.94000000","0.00018000"],["57195.92000000","0.00534000"]],"a":[]}}
{"stream":"btcusdt@depth@100ms","data":{"e":"depthUpdate","E":1783465169014,"s":"BTCUSDT","U":97109083848,"u":97109083861,"b":[["63484.91000000","0.00037000"],["63421.06000000","0.00014000"],["63419.11000000","0.00000000"],["57195.92000000","0.00514000"],["57195.00000000","0.00087000"],["50840.82000000","0.00083000"]],"a":[["63561.95000000","0.53329000"],["63563.21000000","0.24837000"],["63565.24000000","0.78729000"],["63570.15000000","0.00000000"],["63593.99000000","0.00388000"],["63625.79000000","1.91970000"],["63629.99000000","0.00000000"],["63657.33000000","0.00157000"],["63657.99000000","0.00000000"]]}}
{"stream":"ethusdt@depth@100ms","data":{"e":"depthUpdate","E":1783465169015,"s":"ETHUSDT","U":78545066906,"u":78545066915,"b":[["1775.37000000","1.06270000"],["1775.34000000","13.90840000"],["1775.23000000","0.47630000"],["1775.19000000","18.46530000"],["1773.20000000","1.84900000"],["1598.04000000","0.25080000"]],"a":[["1775.87000000","31.06930000"],["1775.90000000","0.78830000"],["1776.04000000","3.26330000"],["1776.16000000","19.43050000"],["1778.54000000","8.75290000"]]}}
{"stream":"btcusdt@depth@100ms","data":{"e":"depthUpdate","E":1783465169114,"s":"BTCUSDT","U":97109083862,"u":97109083876,"b":[["63537.00000000","0.00000000"],["63484.91000000","0.00037000"],["63421.06000000","0.00000000"],["62597.75000000","0.00030000"],["57195.92000000","0.00514000"]],"a":[["63562.43000000","0.00000000"],["63562.55000000","0.09434000"],["63563.21000000","0.00000000"],["63592.59000000","0.00392000"],["63593.99000000","0.00000000"],["63657.33000000","0.00000000"]]}}
{"stream":"ethusdt@depth@100ms","data":{"e":"depthUpdate","E":1783465169115,"s":"ETHUSDT","U":78545066916,"u":78545066921,"b":[["1598.04000000","0.25780000"],["1067.00000000","6.86000000"]],"a":[["1775.87000000","30.78760000"],["1775.88000000","20.76490000"]]}}
{"stream":"btcusdt@depth@100ms","data":{"e":"depthUpdate","E":1783465169214,"s":"BTCUSDT","U":97109083877,"u":97109083885,"b":[["63537.00000000","0.00008000"],["63536.44000000","0.00000000"],["63520.03000000","0.70840000"],["57195.92000000","0.00514000"],["50840.82000000","0.00044000"]],"a":[["63562.43000000","0.00008000"]]}}
{"stream":"ethusdt@depth@100ms","data":{"e":"depthUpdate","E":1783465169215,"s":"ETHUSDT","U":78545066922,"u":78545066927,"b":[["1598.04000000","0.24400000"]],"a":[]}}
{"stream":"ethusdt@depth@100ms","data":{"e":"depthUpdate","E":1783465169315,"s":"ETHUSDT","U":78545066928,"u":78545066933,"b":[["1598.04000000","0.25780000"]],"a":[]}}
{"stream":"btcusdt@depth@100ms","data":{"e":"depthUpdate","E":1783465169315,"s":"BTCUSDT","U":97109083886,"u":97109083899,"b":[["57195.92000000","0.00514000"],["50841.00000000","0.23623000"]],"a":[]}}
{"stream":"btcusdt@depth@100ms","data":{"e":"depthUpdate","E":1783465169414,"s":"BTCUSDT","U":97109083900,"u":97109083905,"b":[["57195.92000000","0.00500000"],["40000.00000000","260.73952000"]],"a":[]}}
{"stream":"ethusdt@depth@100ms","data":{"e":"depthUpdate","E":1783465169415,"s":"ETHUSDT","U":78545066934,"u":78545066936,"b":[["1598.04000000","0.25080000"]],"a":[]}}
{"stream":"btcusdt@depth@100ms","data":{"e":"depthUpdate","E":1783465169514,"s":"BTCUSDT","U":97109083906,"u":97109083910,"b":[["58466.94000000","0.00000000"],["57195.92000000","0.00500000"]],"a":[]}}
{"stream":"ethusdt@depth@100ms","data":{"e":"depthUpdate","E":1783465169515,"s":"ETHUSDT","U":78545066937,"u":78545066941,"b":[["1773.85000000","21.53640000"],["1598.04000000","0.25080000"]],"a":[]}}
{"stream":"btcusdt@depth@100ms","data":{"e":"depthUpdate","E":1783465169614,"s":"BTCUSDT","U":97109083911,"u":97109083920,"b":[["63520.03000000","0.00000000"],["63503.17000000","1.77560000"],["63476.55000000","1.16572000"],["63456.71000000","0.19045000"],["63436.01000000","0.02033000"],["57195.92000000","0.00500000"],["50840.82000000","0.00064000"]],"a":[]}}
{"stream":"ethusdt@depth@100ms","data":{"e":"depthUpdate","E":1783465169615,"s":"ETHUSDT","U":78545066942,"u":78545066956,"b":[["1775.49000000","0.44000000"],["1775.48000000","0.28970000"],["1775.24000000","0.27550000"],["1773.86000000","10.48210000"],["1598.04000000","0.23700000"]],"a":[["1775.96000000","0.00290000"]]}}
{"stream":"btcusdt@depth@100ms","data":{"e":"depthUpdate","E":1783465169714,"s":"BTCUSDT","U":97109083921,"u":97109083929,"b":[["57195.92000000","0.00480000"],["50840.82000000","0.00044000"]],"a":[["63562.55000000","0.00000000"],["63563.21000000","0.25780000"],["64504.30000000","0.00030000"]]}}
{"stream":"ethusdt@depth@100ms","data":{"e":"depthUpdate","E":1783465169715,"s":"ETHUSDT","U":78545066957,"u":78545066962,"b":[["1598.04000000","0.25080000"]],"a":[]}}
{"stream":"btcusdt@depth@100ms","data":{"e":"depthUpdate","E":1783465169814,"s":"BTCUSDT","U":97109083930,"u":97109083937,"b":[["63551.02000000","1.06699000"],["57195.92000000","0.00480000"],["50000.00000000","542.70395000"]],"a":[["63553.89000000","0.00400000"],["63579.33000000","0.00000000"]]}}
{"stream":"ethusdt@depth@100ms","data":{"e":"depthUpdate","E":1783465169815,"s":"ETHUSDT","U":78545066963,"u":78545066966,"b":[["1765.00000000","167.27500000"],["1598.04000000","0.25780000"]],"a":[]}}
{"stream":"btcusdt@trade","data":{"e":"trade","E":1783465169864,"s":"BTCUSDT","t":6486989291,"p":"63551.02000000","q":"0.00027000","T":1783465169864,"m":true,"M":true}}
{"stream":"btcusdt@depth@100ms","data":{"e":"depthUpdate","E":1783465169915,"s":"BTCUSDT","U":97109083938,"u":97109083944,"b":[["63551.02000000","1.06672000"],["57195.92000000","0.00480000"],["57195.91000000","0.00010000"]],"a":[["63562.55000000","0.08348000"],["63563.21000000","0.00000000"]]}}
{"stream":"ethusdt@depth@100ms","data":{"e":"depthUpdate","E":1783465169915,"s":"ETHUSDT","U":78545066967,"u":78545066970,"b":[["1598.04000000","0.25780000"]],"a":[]}}
{"stream":"btcusdt@depth@100ms","data":{"e":"depthUpdate","E":1783465170014,"s":"BTCUSDT","U":97109083945,"u":97109083955,"b":[["63551.02000000","1.06660000"],["63484.91000000","0.00037000"],["63421.66000000","0.00014000"],["57195.92000000","0.00480000"],["50840.82000000","0.00083000"]],"a":[["63562.55000000","0.00000000"],["63563.21000000","0.24192000"],["63592.59000000","0.00392000"],["63655.82000000","0.00157000"]]}}
{"stream":"ethusdt@depth@100ms","data":{"e":"depthUpdate","E":1783465170015,"s":"ETHUSDT","U":78545066971,"u":78545066973,"b":[["1598.04000000","0.25080000"]],"a":[]}}
{"stream":"btcusdt@depth@100ms","data":{"e":"depthUpdate","E":1783465170115,"s":"BTCUSDT","U":97109083956,"u":97109083969,"b":[["63484.91000000","0.00000000"],["63425.71000000","0.02465000"],["63421.66000000","0.00014000"],["62597.75000000","0.00030000"],["57195.92000000","0.00500000"]],"a":[["63592.59000000","0.00000000"],["63655.82000000","0.00157000"]]}}
{"stream":"ethusdt@depth@100ms","data":{"e":"depthUpdate","E":1783465170115,"s":"ETHUSDT","U":78545066974,"u":78545066979,"b":[["1598.04000000","0.23700000"]],"a":[]}}
{"stream":"btcusdt@depth@100ms","data":{"e":"depthUpdate","E":1783465170215,"s":"BTCUSDT","U":97109083970,"u":97109083980,"b":[["63537.00000000","0.00008000"],["63418.13000000","0.09442000"],["57195.92000000","0.00500000"],["57195.00000000","0.00087000"],["50840.82000000","0.00044000"]],"a":[["63562.43000000","0.00008000"]]}}
{"stream":"ethusdt@depth@100ms","data":{"e":"depthUpdate","E":1783465170216,"s":"ETHUSDT","U":78545066980,"u":78545066987,"b":[["1769.38000000","1.02750000"],["1768.61000000","2.48620000"],["1598.04000000","0.25080000"]],"a":[]}}
{"stream":"btcusdt@depth@100ms","data":{"e":"depthUpdate","E":1783465170314,"s":"BTCUSDT","U":97109083981,"u":97109083984,"b":[["57195.92000000","0.00500000"]],"a":[]}}
{"stream":"ethusdt@depth@100ms","data":{"e":"depthUpdate","E":1783465170315,"s":"ETHUSDT","U":78545066988,"u":78545066991,"b":[["1598.04000000","0.25080000"]],"a":[]}}
{"stream":"btcusdt@depth@100ms","data":{"e":"depthUpdate","E":1783465170414,"s":"BTCUSDT","U":97109083985,"u":97109083993,"b":[["63538.86000000","0.00000000"],["63538.85000000","0.09450000"],["57195.92000000","0.00480000"],["40000.00000000","260.73952000"]],"a":[["63620.29000000","0.03108000"],["63743.84000000","0.06309000"]]}}
{"stream":"ethusdt@depth@100ms","data":{"e":"depthUpdate","E":1783465170415,"s":"ETHUSDT","U":78545066992,"u":78545066995,"b":[["1598.04000000","0.25080000"]],"a":[]}}
{"stream":"btcusdt@depth@100ms","data":{"e":"depthUpdate","E":1783465170514,"s":"BTCUSDT","U":97109083994,"u":97109083997,"b":[["57195.92000000","0.00480000"]],"a":[]}}
{"stream":"ethusdt@depth@100ms","data":{"e":"depthUpdate","E":1783465170515,"s":"ETHUSDT","U":78545066996,"u":78545067002,"b":[["1768.56000000","0.57510000"],["1768.54000000","0.00000000"],["1598.04000000","0.24400000"]],"a":[["1802.76000000","0.00590000"]]}}
{"stream":"ethusdt@depth@100ms","data":{"e":"depthUpdate","E":1783465170615,"s":"ETHUSDT","U":78545067003,"u":78545067009,"b":[["1775.24000000","0.27260000"],["1598.04000000","0.25780000"]],"a":[["1775.96000000","0.00000000"]]}}
{"stream":"btcusdt@depth@100ms","data":{"e":"depthUpdate","E":1783465170615,"s":"BTCUSDT","U":97109083998,"u":97109084001,"b":[["57195.92000000","0.00480000"]],"a":[]}}
{"stream":"btcusdt@depth@100ms","data":{"e":"depthUpdate","E":1783465170714,"s":"BTCUSDT","U":97109084002,"u":97109084013,"b":[["57195.92000000","0.00480000"],["50841.00000000","0.23823000"],["50840.82000000","0.00044000"]],"a":[["63562.55000000","0.09788000"],["63563.21000000","0.00000000"],["64504.30000000","0.00030000"]]}}
{"stream":"ethusdt@depth@100ms","data":{"e":"depthUpdate","E":1783465170715,"s":"ETHUSDT","U":78545067010,"u":78545067015,"b":[["1775.24000000","0.27550000"],["1772.38000000","25.78920000"],["1598.04000000","0.25080000"]],"a":[["1775.96000000","0.00290000"]]}}
{"stream":"btcusdt@trade","data":{"e":"trade","E":1783465170789,"s":"BTCUSDT","t":6486989292,"p":"63551.02000000","q":"0.00089000","T":1783465170788,"m":true,"M":true}}
{"stream":"btcusdt@depth@100ms","data":{"e":"depthUpdate","E":1783465170814,"s":"BTCUSDT","U":97109084014,"u":97109084060,"b":[["63551.02000000","0.81850000"],["63545.56000000","0.00018000"],["63544.01000000","0.00787000"],["63542.50000000","0.00000000"],["63542.48000000","0.00000000"],["63538.51000000","4.07889000"],["63538.49000000","0.00000000"],["63534.37000000","2.83475000"],["63510.80000000","2.62352000"],["63490.51000000","0.21135000"],["63476.56000000","0.00000000"],["63456.71000000","0.00000000"],["63436.01000000","0.00000000"],["57195.92000000","0.00500000"],["50841.00000000","0.23623000"]],"a":[["63551.03000000","2.28820000"],["63553.11000000","0.06455000"],["63553.17000000","0.03951000"],["63553.19000000","0.00787000"],["63554.07000000","0.00877000"],["63554.15000000","0.06455000"],["63554.35000000","0.00000000"],["63554.74000000","0.00018000"],["63558.18000000","0.00009000"],["63560.80000000","0.59047000"],["63561.80000000","0.00000000"]]}}
{"stream":"ethusdt@depth@100ms","data":{"e":"depthUpdate","E":1783465170815,"s":"ETHUSDT","U":78545067016,"u":78545067036,"b":[["1775.59000000","18.04350000"],["1775.58000000","0.01160000"],["1775.56000000","0.44600000"],["1775.53000000","0.01440000"],["1775.48000000","0.72670000"],["1775.47000000","0.00000000"],["1775.41000000","0.53700000"],["1775.37000000","1.06270000"],["1775.35000000","0.00430000"],["1773.54000000","1.00140000"],["1773.50000000","0.02820000"],["1773.48000000","2.47500000"],["1598.04000000","0.25080000"]],"a":[["1777.54000000","11.32830000"],["1777.56000000","32.96440000"],["1777.61000000","8.01920000"]]}}
{"stream":"btcusdt@trade","data":{"e":"trade","E":1783465170857,"s":"BTCUSDT","t":6486989293,"p":"63551.03000000","q":"0.00040000","T":1783465170856,"m":false,"M":true}}
{"stream":"btcusdt@depth@100ms","data":{"e":"depthUpdate","E":1783465170915,"s":"BTCUSDT","U":97109084061,"u":97109084212,"b":[["63551.02000000","0.79223000"],["63551.01000000","0.00368000"],["63549.13000000","0.09164000"],["63549.12000000","0.00170000"],["63548.39000000","0.00008000"],["63547.53000000","0.00000000"],["63546.48000000","0.00032000"],["63546.00000000","0.02818000"],["63545.94000000","0.00000000"],["63545.56000000","0.00000000"],["63545.55000000","0.00018000"],["63544.79000000","0.00000000"],["63544.77000000","0.14106000"],["63544.62000000","0.02360000"],["63544.28000000","0.00000000"],["63543.62000000","0.00069000"],["63542.74000000","0.00161000"],["63542.55000000","0.34268000"],["63542.54000000","0.00000000"],["63542.53000000","0.46012000"],["63542.52000000","0.00000000"],["63542.51000000","0.00000000"],["63541.78000000","0.00000000"],["63541.66000000","0.00000000"],["63540.64000000","0.06455000"],["63539.58000000","0.06855000"],["63539.21000000","0.06455000"],["63538.85000000","0.00000000"],["63538.71000000","0.09450000"],["63538.65000000","0.00000000"],["63538.53000000","0.42499000"],["63538.52000000","2.10695000"],["63538.51000000","4.06315000"],["63538.50000000","0.00000000"],["63535.60000000","1.58195000"],["63534.57000000","0.01574000"],["63525.81000000","0.56717000"],["63525.27000000","0.00400000"],["63520.50000000","0.00400000"],["63518.91000000","0.00400000"],["63500.01000000","0.00000000"],["63499.91000000","0.00000000"],["63498.08000000","0.00000000"],["63497.12000000","0.94474000"],["63483.01000000","0.00000000"],["63480.91000000","1.02661000"],["63479.58000000","0.00000000"],["63477.84000000","0.00000000"],["63475.40000000","0.00178000"],["57195.92000000","0.00500000"]],"a":[["63551.03000000","2.28783000"],["63551.70000000","0.12724000"],["63551.71000000","0.06434000"],["63552.30000000","0.00400000"],["63553.11000000","0.06481000"],["63553.17000000","0.03969000"],["63553.19000000","0.00805000"],["63553.61000000","0.00000000"],["63554.07000000","0.00895000"],["63554.15000000","0.06473000"],["63554.51000000","0.00252000"],["63554.52000000","0.01320000"],["63554.74000000","0.00000000"],["63554.75000000","0.00978000"],["63554.89000000","0.06416000"],["63555.19000000","0.06463000"],["63555.24000000","0.00000000"],["63556.17000000","0.00000000"],["63558.02000000","0.00000000"],["63558.63000000","0.00000000"],["63559.48000000","0.00000000"],["63561.02000000","0.00146000"],["63561.43000000","0.00000000"],["63562.80000000","0.56676000"],["63568.30000000","0.00000000"],["63572.96000000","0.00000000"],["63577.74000000","0.00000000"],["63582.63000000","0.00000000"],["63582.82000000","0.00000000"],["63583.68000000","1.55809000"],["63609.82000000","0.00000000"],["63668.57000000","0.00000000"]]}}
{"stream":"ethusdt@depth@100ms","data":{"e":"depthUpdate","E":1783465170915,"s":"ETHUSDT","U":78545067037,"u":78545067169,"b":[["1775.59000000","17.58030000"],["1775.58000000","0.01160000"],["1775.57000000","0.01160000"],["1775.56000000","0.00900000"],["1775.54000000","0.00300000"],["1775.52000000","0.00880000"],["1775.51000000","0.44000000"],["1775.50000000","0.03950000"],["1775.49000000","0.00000000"],["1775.48000000","0.00000000"],["1775.46000000","0.07860000"],["1775.45000000","0.57700000"],["1775.44000000","0.46990000"],["1775.42000000","0.00000000"],["1775.41000000","0.10600000"],["1775.40000000","1.77170000"],["1775.39000000","0.44580000"],["1775.38000000","0.80190000"],["1775.37000000","0.78100000"],["1775.34000000","0.14740000"],["1775.31000000","0.00290000"],["1775.29000000","0.28170000"],["1775.28000000","0.70820000"],["1775.27000000","25.08410000"],["1775.26000000","5.63270000"],["1775.21000000","5.82420000"],["1775.20000000","7.91750000"],["1775.19000000","0.00580000"],["1775.18000000","25.23080000"],["1775.17000000","0.00430000"],["1775.16000000","0.88140000"],["1775.11000000","2.81810000"],["1775.01000000","7.89070000"],["1774.24000000","0.34680000"],["1773.86000000","7.79250000"],["1773.85000000","9.46160000"],["1773.61000000","0.00000000"],["1773.50000000","0.02820000"],["1773.48000000","2.47500000"],["1773.44000000","4.53890000"],["1773.42000000","0.00000000"],["1773.36000000","7.89200000"],["1773.11000000","17.52340000"],["1769.38000000","0.14540000"],["1768.61000000","3.36830000"],["1598.04000000","0.25080000"],["1067.00000000","6.86000000"]],"a":[["1775.60000000","13.96770000"],["1775.61000000","0.19070000"],["1775.62000000","0.61190000"],["1775.63000000","0.63830000"],["1775.64000000","1.78280000"],["1775.68000000","0.04180000"],["1775.76000000","2.99070000"],["1775.77000000","9.46450000"],["1775.78000000","0.00000000"],["1775.86000000","2.05690000"],["1775.88000000","18.07520000"],["1775.89000000","0.61660000"],["1775.95000000","0.00290000"],["1776.74000000","2.81900000"],["1776.80000000","2.48220000"],["1776.88000000","0.54180000"],["1776.98000000","2.77620000"]]}}
{"stream":"btcusdt@depth@100ms","data":{"e":"depthUpdate","E":1783465171014,"s":"BTCUSDT","U":97109084213,"u":97109084251,"b":[["63551.02000000","0.79249000"],["63549.13000000","0.09164000"],["63549.12000000","0.00152000"],["63546.00000000","0.02818000"],["63545.55000000","0.00000000"],["63545.33000000","0.04939000"],["63544.78000000","0.06473000"],["63543.71000000","0.00048000"],["63538.71000000","0.00000000"],["63538.51000000","4.15765000"],["63484.91000000","0.00037000"],["63477.84000000","0.04882000"],["63421.66000000","0.00014000"],["57195.92000000","0.00480000"],["50840.82000000","0.00083000"]],"a":[["63552.46000000","0.00009000"],["63553.19000000","0.00018000"],["63553.88000000","0.00787000"],["63554.51000000","0.00000000"],["63556.06000000","0.09322000"],["63558.18000000","0.59057000"],["63560.80000000","0.00000000"],["63561.24000000","0.10797000"],["63562.55000000","0.00000000"],["63592.59000000","0.00392000"],["63655.82000000","0.00157000"],["63668.57000000","0.07658000"]]}}
{"stream":"ethusdt@depth@100ms","data":{"e":"depthUpdate","E":1783465171015,"s":"ETHUSDT","U":78545067170,"u":78545067215,"b":[["1775.58000000","0.01760000"],["1775.57000000","0.44860000"],["1775.52000000","0.01480000"],["1775.51000000","0.44600000"],["1775.50000000","0.47650000"],["1775.45000000","0.57700000"],["1775.41000000","0.10000000"],["1775.40000000","1.76570000"],["1775.39000000","0.44280000"],["1775.33000000","0.58650000"],["1775.28000000","10.61900000"],["1775.21000000","9.41450000"],["1773.56000000","0.13250000"],["1773.54000000","0.56440000"],["1773.49000000","1.75850000"],["1773.20000000","0.00290000"],["1598.04000000","0.23700000"]],"a":[["1775.60000000","13.65110000"],["1775.61000000","0.19360000"],["1775.74000000","10.81950000"],["1775.75000000","15.78060000"],["1775.76000000","7.91750000"],["1775.81000000","0.28750000"],["1775.88000000","17.79350000"],["1775.98000000","2.98460000"],["1776.04000000","0.44540000"],["1777.55000000","0.01740000"],["1777.61000000","0.13460000"],["1778.54000000","8.18750000"],["1778.83000000","0.56540000"]]}}
{"stream":"btcusdt@depth@100ms","data":{"e":"depthUpdate","E":1783465171114,"s":"BTCUSDT","U":97109084252,"u":97109084278,"b":[["63551.02000000","0.79240000"],["63551.01000000","0.00368000"],["63548.83000000","0.13969000"],["63542.56000000","0.06455000"],["63484.91000000","0.00000000"],["63421.66000000","0.00014000"],["62597.75000000","0.00030000"],["57195.92000000","0.00480000"]],"a":[["63553.17000000","0.03969000"],["63553.19000000","0.00000000"],["63553.88000000","0.00805000"],["63555.80000000","0.52437000"],["63592.59000000","0.00000000"],["63655.82000000","0.00157000"]]}}
{"stream":"ethusdt@depth@100ms","data":{"e":"depthUpdate","E":1783465171115,"s":"ETHUSDT","U":78545067216,"u":78545067220,"b":[["1598.04000000","0.25780000"]],"a":[]}}
{"stream":"btcusdt@depth@100ms","data":{"e":"depthUpdate","E":1783465171214,"s":"BTCUSDT","U":97109084279,"u":97109084319,"b":[["63551.02000000","0.79261000"],["63551.01000000","0.00377000"],["63549.13000000","0.09172000"],["63548.84000000","0.00018000"],["63548.83000000","0.13987000"],["63546.01000000","0.00000000"],["63544.78000000","0.06455000"],["63544.67000000","0.00787000"],["63544.01000000","0.00000000"],["63543.16000000","0.00000000"],["63537.00000000","0.00008000"],["63379.28000000","0.00000000"],["63370.64000000","0.00987000"],["57195.92000000","0.00480000"],["57195.00000000","0.00087000"],["50840.82000000","0.00044000"],["33000.00000000","35.16979000"]],"a":[["63551.03000000","2.28809000"],["63553.10000000","0.00000000"],["63562.43000000","0.00008000"]]}}
